1674 2698
289 156 726 190 TVSCVLANARVM
764 156 1215 189 1)151³x''1'A'1'1‹›Nx‘M
1254 158 1260 189 l
1415 165 1463 205 53

90 280 241 333 aliquis
264 280 330 320 vel
355 280 548 327 effector,
575 279 609 320 si
632 280 738 320 haee
763 286 861 320 nata
885 286 998 327 sunt,
1024 287 1067 319 ut
1098 280 1260 319 Platoni
1285 280 1462 327 videtur,

90 353 167 400 vel,
201 353 236 392 si
266 365 435 404 semper
470 352 657 398 fuerunt,
692 358 737 391 ut
775 351 1001 391 Aristoteli
1036 352 1189 403 placet,
1223 353 1465 392 moderator

90 424 199 464 tanti
222 423 362 476 operis
386 431 427 463 et
454 424 674 463 muneris?
740 423 811 463 Sic
837 430 1025 463 mentem
1051 423 1245 470 hominis,
1273 424 1466 475 quamvis

90 509 184 536 earn
217 509 303 535 non
337 494 493 543 videas,
520 502 564 534 ut
591 495 718 535 deum
758 508 843 534 non
882 495 1013 542 vides,
1054 502 1210 542 tamen,
1254 503 1299 535 ut
1340 497 1464 535 deum

90 566 319 620 adgnoscis
360 580 410 606 ex
449 567 650 619 operibus
688 566 790 614 eius,
828 566 888 606 sic
928 580 978 607 cx
1011 567 1214 606 memoria
1250 580 1389 606 rerum
1425 576 1463 607 et

91 638 339 679 inventione
377 646 418 678 et
459 639 677 679 celeritate
715 646 859 678 motus
904 638 1105 690 omnique
1149 638 1467 690 pulchritudine

91 709 261 751 virtutis
293 710 379 750 vim
416 711 600 750 divinam
636 710 794 750 mentis
828 711 1091 762 adgn‹i›scito.

154 782 203 821 In
235 795 319 834 quo
348 781 478 834 igitur
506 782 599 821 loco
627 783 723 822 est?
789 782 929 822 Credo
959 781 1155 834 equidem
1185 782 1225 821 in
1255 782 1394 833 capite
1423 790 1459 821 ct
1489 787 1534 820 ⁴29

91 867 167 893 cur
197 853 366 893 credam
390 853 560 893 adferre
591 867 779 906 possum.
849 853 934 893 Sed
958 853 1072 901 aliaS,
1100 853 1169 893 ubi
1195 854 1247 893 sit
1271 853 1439 893 animus
1460 867 1467 901 ;

93 931 209 965 certe
232 925 403 977 quidem
430 924 470 964 in
501 931 546 965 te
569 931 647 965 est.

92 1003 211 1049 puto,
236 1003 278 1036 et
312 1010 401 1036 sua.
467 996 553 1037 Sed
577 997 646 1036 fac
669 996 851 1049 igneam,
879 996 947 1035 fac
980 996 1248 1047 spirabilem;
1282 996 1383 1035 nihil
1414 997 1466 1036 ad

91 1068 132 1108 id
165 1068 218 1108 de
250 1082 334 1120 quo
365 1067 543 1120 agimus.

717 925 840 977 Quae
868 932 931 964 est
965 924 1003 964 ei
1033 926 1214 964 natura?
1281 924 1465 976 Propria,

614 1068 723 1108 Illud
755 1069 883 1107 modo
916 1067 1069 1114 videtO,
1099 1075 1145 1107 ut
1176 1069 1303 1107 deum
1339 1068 1465 1115 noris,

61 1139 174 1191 *etsi
209 1140 300 1179 eius
336 1140 506 1192 ignores
541 1144 582 1180 et
618 1140 757 1180 locum
794 1147 835 1179 et
871 1139 1038 1186 faciem,
1074 1140 1134 1179 sic
1167 1141 1354 1179 animum
1391 1139 1467 1178 tibi

90 1218 213 1251 tuum
242 1218 392 1251 notum
423 1225 517 1252 esse
546 1218 753 1264 oportere,
780 1211 947 1251 etiamsi
981 1212 1152 1263 ignores
1184 1219 1225 1251 et
1257 1211 1396 1251 locum
1426 1218 1466 1251 et

91 1283 284 1323 formam.
353 1283 403 1322 In
421 1283 549 1322 animi
567 1291 713 1323 autem
732 1282 977 1335 cognitione
997 1283 1192 1323 dubitare
1214 1296 1299 1322 non
1323 1296 1469 1334 possu—
1495 1290 1529 1320 τ]

91 1368 201 1403 mus,
226 1354 307 1394 nisi
336 1355 462 1406 plane
486 1354 527 1394 in
550 1354 741 1409 physicis
763 1353 953 1406 plumbei
977 1368 1136 1402 sumus,
1163 1354 1263 1406 quin
1288 1354 1389 1393 nihil
1415 1353 1467 1393 sit

92 1425 244 1466 animis
275 1425 522 1474 admixtum,
544 1425 648 1466 nihil
674 1432 936 1473 concretum,
959 1425 1062 1465 nihil
1088 1426 1347 1477 copulatum,
1367 1424 1469 1464 nihil

93 1504 457 1551 coagmentatum,
491 1497 595 1537 nihil
624 1498 790 1550 duplex.
859 1497 988 1550 Quod
1024 1510 1121 1537 cum
1159 1497 1218 1537 ita
1253 1498 1320 1545 sit,
1353 1504 1470 1536 certe

887 1631 894 1638 .
921 1608 1082 1639 mentis:

815 1652 939 1683 should
957 1657 1076 1692 expect
1099 1653 1249 1682 divinam
1274 1662 1338 1682 esse
1360 1661 1470 1691 agree-

91 1609 279 1647 videmus,
299 1614 333 1639 at
354 1609 411 1640 the
427 1609 614 1649 beginning
631 1609 668 1639 of
689 1608 746 1639 the

92 1653 241 1693 chapter,
274 1663 323 1684 we
359 1653 483 1684 should
522 1658 640 1693 expect
681 1664 746 1683 mm

1123 1607 1357 1638 anacoluthon
1373 1618 1380 1646 ;
1420 1617 1470 1637 we

94 1703 275 1737 possumus
292 1721 299 1728 .
317 1723 323 1729 .
343 1723 350 1728 .
367 1699 450 1738 quin
474 1697 608 1728 instead
631 1697 669 1727 of
690 1697 746 1726 the

92 1742 333 1782 interrogative
348 1742 448 1772 form.
487 1741 562 1772 The
579 1741 695 1781 length
711 1741 748 1771 of

93 1786 149 1816 the
166 1796 311 1826 passage
327 1785 394 1816 and
415 1785 472 1816 the
486 1785 746 1825 recapitulation

91 1830 204 1860 clause
216 1836 362 1860 account
371 1830 426 1861 for
434 1830 492 1861 the
503 1829 746 1860 anacoluthon.

92 1874 300 1905 —Platoni
329 1898 337 1905 .
368 1898 375 1905 .
406 1898 414 1905 .
444 1874 663 1905 Aristoteli:
704 1873 746 1904 cf.

93 1919 196 1948 Acad.
211 1919 257 1948 II.
277 1918 345 1955 118,
364 1927 375 1948 1
387 1927 424 1958 19
438 1920 537 1948 Plato
552 1929 593 1948 ex
607 1918 747 1948 materia

94 1985 100 1992 .
119 1985 126 1992 .
145 1986 152 1992 .
169 1963 472 2003 mundumsactum
488 1973 554 1993 esse
566 1966 673 1993 censet
689 1985 695 1991 .
715 1985 720 1991 .
741 1985 746 1990 .

92 2007 286 2037 Aristoteles
307 2006 413 2047 (dicit)
436 2031 442 2037 .
461 2029 467 2035 .
487 2031 493 2036 .
512 2017 614 2046 neque
636 2010 745 2036 ortum

92 2061 158 2080 esse
180 2061 343 2090 umquam
370 2051 548 2081 mundum.
562 2068 604 2071 —
618 2058 748 2080 mune-

93 2094 166 2125 ris:
190 2093 279 2124 from
303 2104 324 2124 a
341 2095 458 2134 public
478 2095 568 2124 show
589 2094 689 2134 given
712 2098 748 2124 to

93 2137 152 2168 the
175 2138 296 2178 people
319 2137 363 2179 by
386 2137 444 2169 the
466 2137 604 2173 aediles,
625 2148 750 2168 munus

93 2191 189 2212 carne
215 2186 251 2212 to
280 2191 377 2212 mean
404 2192 424 2212 a
447 2182 553 2222 place,
579 2191 618 2212 or
644 2180 751 2212 build—

93 2225 160 2265 ing,
189 2225 300 2257 where
331 2225 414 2256 such
446 2226 632 2266 spectacles
664 2235 750 2256 were

93 2269 278 2300 exhibited.
326 2270 358 2300 It
376 2270 403 2300 is
420 2269 500 2300 here
518 2268 651 2309 applied
670 2269 750 2309 figu-

94 2313 235 2355 ratively
252 2318 287 2343 to
310 2314 368 2343 the
391 2313 555 2349 universe,
574 2313 631 2344 the
653 2318 748 2353 great

95 2357 220 2397 temple
244 2357 278 2387 in
303 2357 411 2388 which
437 2357 493 2387 the
520 2357 663 2387 Creator
687 2357 750 2387 dis-

94 2401 190 2441 plays
213 2401 266 2431 his
293 2401 482 2432 wonderful
507 2401 627 2431 works.
641 2402 748 2431 —sic

96 2450 285 2476 mentem:
333 2455 389 2475 see
420 2450 466 2482 ut,
499 2444 539 2476 68
572 2456 602 2475 n.
617 2445 748 2475 —vim

815 1697 871 1736 ing
902 1696 980 1726 with
1007 1701 1186 1732 mentem,
1212 1695 1272 1725 but
1298 1695 1386 1725 after
1413 1695 1470 1724 the

815 1741 896 1780 long
913 1740 1126 1779 intervening
1147 1749 1292 1779 passage
1316 1739 1372 1769 the
1395 1748 1471 1768 con-

815 1784 979 1815 struction
997 1785 1025 1814 is
1043 1784 1211 1824 changed.

859 1829 916 1863 29,
951 1829 988 1858 in
1027 1829 1174 1868 capite:
1215 1828 1272 1858 the
1312 1827 1395 1857 view
1434 1826 1471 1856 of

816 1872 873 1902 the
890 1873 974 1902 later
993 1873 1104 1903 Stoics
1119 1884 1125 1909 3
1152 1872 1208 1902 the
1225 1871 1342 1902 earlier
1361 1871 1471 1901 Stoics

816 1916 951 1947 located
976 1916 1033 1946 the
1058 1916 1132 1947 soul
1157 1916 1189 1946 in
1214 1916 1270 1946 the
1295 1915 1472 1946 bream.—

816 1961 962 1991 adferre
977 1970 984 1990 :
1006 1961 1089 1991 used
1107 1960 1307 2001 absolutely,
1325 1964 1356 1989 to
1372 1959 1470 1989 show

816 2024 858 2027 —-
875 2005 995 2035 alias:
1036 2004 1201 2044 tempora]
1233 2003 1384 2040 adverb,
1425 2013 1470 2033 sc.

816 2050 971 2083 dicemus,
1009 2059 1100 2089 upon
1137 2047 1245 2078 which
1281 2048 1346 2079 ubi
1380 2070 1387 2077 .

817 2093 968 2124 animus
1015 2091 1178 2133 depends.
1197 2092 1325 2127 -fac,
1367 2095 1474 2131 grant

817 2138 892 2167 tlzat
911 2138 940 2167 it
960 2138 998 2173 is,
1021 2141 1155 2176 suppose
1176 2137 1203 2165 it
1222 2140 1251 2166 to
1271 2136 1313 2165 he.
1326 2154 1367 2157 —
1379 2134 1471 2165 nihil

818 2182 865 2211 ad
888 2181 945 2211 id:
971 2179 1316 2220 sc.pertinet.—tibi
1341 2184 1470 2210 tuum:

818 2225 998 2265 emphatic.

861 2269 916 2300 71.
950 2268 1128 2309 plumbei,
1168 2269 1293 2303 lenden,
1333 2268 1448 2306 stupid
1459 2277 1471 2302 ,-

818 2313 876 2343 the
899 2313 1003 2351 figure
1025 2312 1053 2342 is
1076 2312 1180 2342 taken
1201 2312 1290 2342 from
1312 2322 1330 2341 a
1351 2311 1470 2341 leaden

818 2357 929 2387 sword
943 2367 981 2386 or
997 2357 1141 2396 dagger;
1159 2356 1201 2386 cf.
1215 2356 1253 2385 cle
1267 2357 1341 2385 Fm.
1358 2356 1415 2384 IV.
1431 2354 1471 2392 48

817 2412 834 2430 0
851 2401 1043 2440 plumbeum
1068 2399 1268 2440 pugionem!
1302 2398 1369 2429 and
1398 2399 1472 2428 sim-

817 2445 879 2474 ilar
903 2444 1100 2484 metaphors
1124 2444 1159 2474 in
1171 2444 1320 2484 ferreus,
1337 2453 1471 2477 aureus,
