1674 2698
514 170 768 203 soMNn'M
806 170 1076 202 seimonis
1436 177 1481 213 13

109 295 194 334 llic
225 308 326 335 vero
359 300 506 333 tantus
543 299 605 332 est
637 291 770 331 totius
806 291 953 331 mundi
989 290 1286 330 incitatissima
1314 305 1485 330 conver-

106 366 225 405 sione
248 364 415 404 sonitus
435 370 478 403 ut
504 377 599 403 eum
624 377 749 403 aures
769 362 993 402 hominum
1018 375 1172 414 capere
1195 376 1278 400 non
1304 362 1481 413 possint,

107 438 216 476 sicut
242 435 399 475 intueri
422 435 555 475 solem
575 435 803 474 adversum
824 434 1011 486 nequitis
1030 433 1207 485 eiusque
1225 433 1353 472 radiis
1371 433 1484 473 acies

106 515 249 548 vestra
267 520 508 559 sensusque
526 505 736 546 vincitur.'
776 507 897 545 Ilaec
916 520 996 558 ego
1011 504 1228 545 admirans
1246 505 1484 545 referebam

105 586 251 618 tamen
274 579 421 618 oculos
443 579 497 618 ad
521 584 677 617 terram
705 577 950 617 identidem.

165 650 278 689 Tum
302 649 537 688 Africanus
564 648 765 689 ‘Sentio'
791 649 926 700 inquit
954 655 1020 687 ‘te
1043 649 1188 688 sedem
1214 647 1340 688 etiam
1370 662 1484 687 nunc

105 720 325 760 hominum
349 733 399 759 ac
422 721 595 760 domum
626 719 935 771 contemplari3
969 733 1077 771 quae
1106 719 1140 758 si
1167 719 1244 758 tibi
1272 733 1412 771 parva,
1437 727 1482 759 ut

105 798 182 839 est,
229 792 288 831 ita
331 791 511 838 videtur,
558 791 663 830 haec
709 790 910 830 caelestia
950 804 1120 842 semper
1165 797 1372 841 spectato,
1417 789 1484 829 illa

105 863 292 902 humana
323 861 600 902 contemnito.
668 862 735 901 Tu
768 862 878 901 enim
913 875 1039 913 quam
1078 861 1368 901 celebritatem
1404 875 1485 901 ser-

106 933 244 974 monis
266 933 488 973 hominum
513 940 584 973 aut
609 947 736 986 quam
762 934 1047 985 expetendam
1077 932 1253 985 gloriam
1279 932 1484 984 consequi

105 1005 258 1058 potes?

105 1083 145 1117 et
179 1076 219 1116 in
245 1075 347 1128 ipsis
371 1076 491 1128 quasi
515 1075 692 1115 maculis
723 1075 794 1115 ubi
821 1075 1039 1115 habitatur
1062 1081 1208 1114 vastas
1233 1074 1485 1115 solitudines

323 1005 456 1044 Vides
480 1004 661 1044 habitari
686 1003 726 1043 in
752 1011 865 1049 terra
890 1003 994 1043 raris
1019 1010 1059 1043 et
1079 1004 1277 1056 angustis
1302 1003 1343 1042 in
1367 1003 1481 1051 locis,

106 1147 364 1195 interiectas,
392 1160 550 1199 eosque
579 1146 650 1199 qui
678 1146 870 1186 incolunt
899 1153 1057 1186 terram
1088 1160 1173 1185 non
1202 1147 1328 1186 modo
1360 1145 1485 1186 inter-

106 1225 254 1271 ruptos
278 1218 336 1258 ita
354 1232 450 1258 esse
467 1225 512 1257 ut
534 1217 636 1257 nihil
661 1218 772 1257 inter
796 1218 910 1269 ipsos
930 1217 982 1257 ab
1000 1217 1092 1257 aliis
1109 1218 1163 1256 ad
1185 1217 1289 1257 alios
1314 1231 1485 1257 manare

104 1289 252 1343 possit,
285 1290 359 1330 sed
388 1290 543 1342 partim
583 1289 791 1342 obliquos,
823 1289 979 1341 partim
1016 1295 1298 1336 transversos,
1332 1288 1484 1340 partim

105 1361 233 1402 etiam
260 1362 464 1401 adversos
489 1368 604 1401 stare
632 1360 764 1409 vobis,
792 1374 817 1400 a
846 1360 1002 1413 quibus
1030 1367 1282 1413 exspectare
1307 1360 1485 1413 gloriam

104 1440 222 1474 certe
244 1433 404 1473 nullam
426 1432 622 1485 potestis.
1250 1436 1253 1438 ’

167 1505 319 1545 Cernis
350 1510 495 1544 autem
529 1504 709 1544 eandem
745 1510 905 1544 terram
940 1504 1061 1557 quasi
1095 1504 1349 1556 quibusdam
1383 1503 1487 1543 redi—

105 1575 253 1616 mitam
285 1582 328 1616 et
360 1576 666 1616 circumdatam
702 1574 899 1629 cingulis,
926 1589 949 1616 e
981 1575 1136 1628 quibus
1163 1575 1271 1615 duos
1305 1576 1487 1615 maxime

105 1668 346 1709 geographical
375 1667 497 1708 legend
522 1668 559 1698 of
590 1668 646 1698 the
676 1669 758 1699 time

107 1712 513 1752 (Anz).—adversum,
547 1713 683 1752 directljv
714 1717 758 1742 at.

105 1757 334 1796 —eiusquez
368 1766 457 1796 —que
482 1756 760 1787 adversative.—

107 1810 340 1841 sensusque:
354 1811 400 1832 sc.
412 1801 556 1830 videndi.
570 1819 612 1822 —
623 1800 760 1831 refere-

107 1847 194 1876 bam
215 1850 363 1875 tamen:
388 1844 432 1875 cf.
456 1855 575 1884 quaeso
592 1867 598 1873 .
618 1868 624 1873 .
644 1869 649 1874 .
668 1855 761 1874 mens

105 1891 177 1924 erit,
195 1897 233 1928 9;
258 1888 290 1918 in
315 1888 402 1928 spite
426 1888 463 1918 of
486 1888 543 1918 the
569 1889 761 1918 marvelous

833 1724 918 1743 men.
931 1731 972 1735 —
985 1712 1247 1752 expetendam,
1266 1712 1370 1741 worth
1390 1712 1486 1742 striv-

832 1759 892 1795 ιἰῃΓ
919 1757 1044 1797 for.—
1062 1756 1155 1786 raris
1169 1765 1176 1785 z
1224 1755 1267 1785 cf.
1306 1757 1371 1785 duo
1408 1760 1488 1785 sunt

832 1801 1033 1836 habitabiles,
1082 1809 1128 1839 13.
1141 1819 1182 1822 —-
1196 1799 1392 1839 angustis:
1441 1798 1484 1828 cf.

830 1849 1019 1883 angustata,
1057 1853 1102 1884 13.
1115 1862 1157 1865 —
1170 1844 1278 1883 quasi
1312 1843 1484 1879 maculis,

831 1893 926 1927 spots,
943 1899 981 1918 as
998 1890 1024 1918 it
1039 1898 1124 1917 were
1135 1898 1148 1923 ,·
1174 1894 1254 1918 note
1268 1887 1394 1917 similar
1409 1897 1484 1917 uses

833 1675 952 1699 tatem
968 1692 975 1699 .
992 1691 999 1698 .
1016 1691 1023 1698 .
1038 1668 1354 1709 hominum,same
1366 1678 1491 1705 among

107 1932 222 1972 things
247 1931 355 1963 which
381 1932 438 1962 the
461 1931 554 1962 elder
578 1932 761 1962 Africanus

107 1975 175 2006 had
197 1975 316 2006 shown
338 1975 406 2005 him
426 1975 493 2006 and
516 1975 621 2006 which
647 1976 761 2015 Scipio

107 2020 211 2059 gazed
236 2029 327 2059 upon
351 2019 431 2049 with
452 2030 522 2049 awe
547 2019 614 2049 and
639 2020 764 2059 dclz'glzt

109 2063 343 2104 (admirans),
361 2063 404 2093 he
419 2063 491 2092 still
508 2063 664 2103 (tamen)
681 2063 763 2102 kept

108 2107 243 2146 turning
260 2106 312 2137 his
329 2116 406 2147 eyes
421 2107 549 2136 toward
569 2107 626 2137 the
643 2107 749 2137 earth.

151 2152 185 2185 6.
219 2149 273 2181 12.
305 2155 346 2181 ut
365 2155 435 2187 est,
453 2161 490 2180 as
507 2152 534 2180 it
550 2152 654 2190 really
671 2152 708 2180 is.
720 2169 763 2173 —

108 2200 283 2235 spectato
309 2217 316 2224 .
343 2217 351 2224 .
379 2217 386 2224 .
413 2194 667 2225 contemnito:
705 2194 762 2225 the

107 2238 270 2270 so-called
289 2237 403 2268 future
423 2238 460 2268 of
484 2238 542 2268 the
564 2238 762 2278 imperative

107 2283 136 2313 is
157 2282 252 2312 often
278 2281 373 2317 used,
397 2291 435 2312 as
457 2281 547 2317 here,
571 2282 604 2311 in
627 2281 763 2322 general

107 2326 198 2357 mles
243 2325 281 2356 of
321 2325 487 2361 conduct;
538 2325 688 2356 likewise
730 2326 763 2356 in

108 2370 251 2400 maxims
276 2369 345 2400 and
377 2369 465 2409 legal
497 2368 764 2400 domme-lits.—

108 2415 287 2450 humana,
329 2414 462 2452 earthly
500 2413 641 2452 affairs‚·
687 2423 764 2443 con-

109 2457 237 2488 trasted
255 2457 335 2488 with
353 2456 544 2487 caelestia.
557 2474 600 2478 —
611 2456 764 2487 celebri-

833 1932 869 1962 οἱ
884 1933 989 1972 quasi,
1010 1942 1037 1969 4,
1060 1931 1107 1966 18,
1123 1940 1172 1961 21.
1187 1950 1229 1953 —
1242 1932 1483 1971 interruptos,

832 1976 952 2015 cutoſj‘
971 1975 1071 2015 (from
1098 1976 1180 2006 each
1207 1975 1486 2014 other).—0bli-

832 2029 928 2059 quos
948 2042 955 2049 .
975 2043 982 2049 .
1003 2043 1010 2049 .
1030 2025 1270 2050 transversos
1287 2042 1294 2048 .
1311 2042 1317 2048 .
1334 2042 1341 2048 .
1357 2020 1486 2049 adver-

833 2073 917 2093 sos:
955 2063 1106 2103 obliqui,
1139 2064 1286 2097 ἄντοικοι,
1321 2072 1375 2092 are
1409 2073 1484 2092 men

833 2107 908 2136 who
937 2107 1002 2137 live
1026 2107 1059 2136 in
1085 2107 1143 2136 the
1176 2117 1269 2137 same
1300 2105 1483 2146 longitude,

832 2150 891 2180 but
924 2151 958 2180 in
991 2151 1147 2190 opposite
1180 2150 1340 2185 latitude;
1367 2155 1485 2180 trans-

831 2194 943 2231 versi,
970 2195 1130 2232 περίοικοι,
1153 2194 1187 2224 in
1216 2194 1273 2224 the
1299 2204 1392 2223 same
1415 2193 1486 2223 Iati-

832 2238 923 2274 tude,
948 2237 1008 2267 but
1040 2238 1072 2267 in
1106 2238 1262 2277 opposite
1291 2236 1484 2277 longitude:

831 2282 993 2318 adversi,
1031 2282 1206 2316 ἀντίποδες,
1243 2280 1486 2322 diametrically

832 2325 990 2365 opposite
1013 2330 1048 2355 to
1074 2325 1157 2355 each
1180 2324 1295 2361 other;
1321 2325 1400 2355 with
1422 2325 1486 2355 ad-

831 2378 976 2405 versos,
995 2369 1036 2398 cf.
1054 2369 1193 2398 adversa
1212 2392 1218 2398 .
1234 2393 1240 2398 .
1257 2392 1262 2398 .
1276 2370 1421 2408 ῖνεςίιζξνία,
1436 2377 1484 2409 13.

876 2412 928 2442 13.
963 2412 1136 2452 cingulis,
1151 2423 1252 2442 sones.
1267 2430 1309 2434 —
1320 2412 1416 2443 duos
1431 2435 1438 2442 .
1453 2435 1460 2442 .
1476 2435 1484 2442 .

832 2456 1026 2487 diversos:
1052 2456 1154 2486 north
1175 2455 1242 2486 and
1261 2455 1363 2487 south
1383 2456 1484 2497 frigid

1514 1513 1553 1543 13
