1669 2698
80 260 118 290 77

84 1261 121 1291 fs

147 127 198 175 58
553 127 603 158 Μ.
632 126 786 158 TVLLI
821 125 1111 158 CICERONIS

204 251 256 290 A.
297 251 380 303 Qui
404 256 558 302 potest,
587 262 682 288 cum
708 247 789 287 ista
814 247 1085 300 cognoverim
1107 248 1120 286 ?

206 323 266 362 M.
305 322 391 374 Qui
420 320 555 373 possit
582 321 737 372 rogas?
773 319 982 360 Catervae
1004 318 1181 358 veniunt
1207 325 1355 358 contra
1378 319 1516 358 dicen-

145 394 262 441 tium,
289 407 369 433 nec
393 392 529 432 solum
556 391 879 444 Epicureorum,
906 404 1012 442 quos
1040 391 1236 442 equidem
1268 404 1353 429 non
1384 390 1517 442 despi-

146 465 223 513 cio,
248 465 321 505 sed
346 464 489 504 nescio
513 477 596 516 quo
620 464 746 502 modo
769 460 1044 502 doctissimus
1069 461 1250 514 quisque
1267 460 1516 509 contemnit,

144 536 347 576 acerrime
378 542 522 575 autem
553 534 728 574 deliciae
759 546 880 573 meae
912 532 1201 572 Dicaearchus
1230 539 1378 572 contra
1407 532 1518 572 hanc

146 607 510 647 immortalitatem
545 605 755 646 disseruit.
825 606 868 644 Is
907 605 1018 644 enim
1054 604 1132 643 tris
1168 603 1297 643 libros
1335 602 1515 656 scripsit,

146 679 218 732 qui
255 679 449 718 Lesbiaci
483 684 701 725 vocantur,
739 677 851 729 quod
885 675 1109 730 Mytilenis
1143 689 1283 715 sermo
1321 675 1518 723 habetur,

1383 745 1519 787 Stoici

147 829 290 861 autem
335 835 506 860 usuram
551 820 673 859 nobis
712 820 952 872 largiuntur
990 826 1209 871 tamquam
1250 819 1518 867 cornicibus;

1293 891 1408 930 Num
1432 904 1517 929 non

146 752 187 789 in
232 750 385 802 quibus
425 750 510 788 volt
556 749 725 789 efficere
763 749 927 788 animos
973 762 1068 788 esse
1111 746 1315 787 mortalis.

147 894 216 932 diu
248 906 472 932 mansuros
502 891 619 931 aiunt
651 891 828 939 animos,
855 905 1023 943 semper
1051 898 1223 943 negant.

144 965 208 1004 vis
242 963 371 1017 igitur
402 955 558 1003 audire'
587 977 672 1009 cur,
710 962 875 1002 etiamsi
909 962 967 1002 ita
1001 963 1065 1010 sit,
1102 975 1220 1002 mors
1253 968 1398 1001 tamen
1432 975 1516 1001 non

147 1036 200 1075 sit
225 1035 266 1074 in
290 1035 441 1075 malis?

206 1108 260 1147 A.
293 1107 353 1146 Vt
390 1105 584 1154 videtur;
625 1106 699 1145 sed
738 1119 807 1146 me
842 1119 969 1145 nemo
1008 1106 1061 1146 de
1097 1104 1416 1145 immortalitate
1450 1104 1518 1145 de-

146 1178 286 1230 pellet.

207 1250 270 1288 M.
309 1249 456 1288 Laudo
496 1248 535 1288 id
572 1248 753 1301 quidem,
792 1247 874 1287 etsi
913 1247 1015 1287 nihil
1054 1247 1180 1287 nimis
1215 1253 1384 1299 oportet
1424 1261 1520 1287 con-

148 1321 290 1361 fidere.

368 1321 593 1360 Movemur
637 1319 748 1359 enim
794 1333 921 1371 saepe
959 1318 1100 1371 aliquo
1136 1325 1262 1358 acute
1300 1318 1517 1366 concluso,

147 1392 337 1431 labamus
377 1398 680 1443 mutamusque
717 1390 975 1430 sententiam
1015 1389 1262 1430 clarioribus
1304 1390 1431 1429 etiarn
1477 1390 1517 1428 in

146 1463 273 1503 rebus
292 1476 300 1511 ;
333 1464 373 1502 in
407 1462 473 1502 his
508 1469 571 1502 est
605 1462 716 1501 enim
746 1462 887 1514 aliqua
919 1461 1171 1502 obscuritas.

146 1534 358 1582 acciderit,
391 1535 522 1574 simus
552 1534 716 1574 armati.

189 1633 244 1664 77.
278 1633 350 1673 qui,
390 1634 470 1663 how.
489 1652 531 1654 —
548 1638 673 1672 potest
708 1655 715 1662 .
750 1655 756 1662 .
792 1655 799 1662 .

146 1677 267 1717 possit
282 1687 288 1706 2
314 1687 359 1707 sc.
377 1688 466 1706 mors
483 1678 592 1706 videri
607 1678 747 1705 mulum.
760 1695 802 1698 —

147 1731 242 1761 quos
261 1744 268 1751 .
288 1744 295 1750 .
315 1744 322 1751 .
341 1731 414 1751 non
433 1721 622 1760 despicio:
642 1720 800 1757 ironica13

146 1765 188 1794 cf.
212 1765 256 1794 ΙΙ.
276 1775 290 1803 7
313 1776 393 1804 quos
414 1764 622 1803 (L‘J’icureos)
643 1775 708 1793 nem
729 1775 800 1793 con-

147 1814 254 1838 temno
276 1810 436 1848 equidem,
460 1809 579 1847 quipse
602 1819 680 1847 quos
704 1818 799 1838 num-

146 1863 246 1891 quam
272 1851 709 1889 ligerim.—contemnit:
742 1861 799 1882 see

148 1896 229 1925 Crit.
265 1897 405 1934 Appfss
423 1896 700 1926 Dicaearchus:
742 1905 798 1925 see

149 1948 182 1969 21
202 1939 489 1978 n.—Mytilenis
504 1949 510 1969 :
536 1939 728 1980 Mytilenae,
742 1939 798 1969 the

147 1983 236 2013 chief
253 1983 318 2023 city
336 1983 372 2012 of
395 1984 450 2013 the
470 1982 579 2013 island
598 1983 635 2013 of
658 1983 798 2013 Lesbos.

146 2027 356 2064 ——efficere‚
370 2032 400 2057 1⁴0
409 2027 702 2066 prava—Stoici
715 2036 722 2056 t
745 2026 800 2057 for

146 2070 233 2100 their
250 2071 360 2104 views,
379 2081 434 2101 see
463 2070 498 2101 18
522 2081 542 2100 n
566 2071 631 2100 and
655 2080 695 2108 42
714 2081 799 2100 n.—

147 2124 314 2151 usuram,
335 2126 353 2144 a
377 2116 457 2153 long
477 2125 557 2150 use;
583 2125 627 2144 sc.
649 2116 745 2144 vitae.
761 2133 799 2136 —

148 2159 381 2189 cornicibus:
409 2159 450 2189 cf.
470 2159 535 2188 III.
554 2158 595 2197 69
616 2158 799 2197 Theophra-

146 2207 215 2231 stus
230 2208 337 2233 autem
360 2204 505 2233 moriens
523 2213 689 2232 accusasse
706 2207 799 2231 mitu-

147 2257 220 2276 ναν]
235 2248 358 2276 dicitur
368 2247 458 2287 quod
464 2247 569 2276 cervis
579 2250 610 2275 et
617 2246 800 2276 cornicibus

147 2292 248 2320 vitam
268 2291 479 2325 diuturnam,
496 2300 637 2330 quorum
657 2290 694 2319 id
711 2290 802 2319 m'lzil

147 2336 322 2369 interesset,
335 2334 524 2364 homiuibus
540 2344 681 2373 quorum
695 2334 801 2363 maxi-

149 2388 198 2407 me
215 2379 422 2417 interfitisset
437 2382 502 2407 tam
522 2379 675 2414 exiguam
695 2378 798 2406 vitam

147 2422 284 2451 dedis-ss(
299 2432 307 2451 .·
331 2422 458 2451 anret.
476 2422 514 2449 V.
535 2421 613 2457 1084
631 2422 796 2451 cornicum

1240 1461 1288 1500 Id
1322 1460 1451 1513 igitur
1484 1460 1519 1500 si

943 1655 948 1660 .
978 1632 1082 1662 saecla
1110 1636 1236 1661 vetusta
1247 1641 1261 1667 ;
1293 1631 1376 1660 Hor.
1407 1632 1519 1661 Carm.

872 1676 937 1705 III.
972 1683 1016 1712 17.
1048 1685 1083 1715 13
1111 1686 1238 1705 annosa
1262 1676 1383 1705 cornix
1395 1684 1408 1710 ,¹
1438 1674 1518 1704 Plin.

870 1720 914 1749 H.
934 1721 978 1750 N.
999 1719 1079 1748 VII.
1104 1728 1161 1760 153
1181 1719 1347 1749 Hesiodus
1370 1741 1376 1747 .
1398 1741 1404 1747 .
1426 1743 1432 1748 .
1455 1729 1520 1747 cor-

869 1764 938 1793 nici
962 1774 1075 1793 novem
1106 1767 1235 1793 nostras
1259 1762 1412 1792 attribuit
1438 1766 1520 1791 aeta-

868 1812 913 1836 tes
927 1817 938 1842 ‚·
966 1806 1033 1836 and
1061 1806 1215 1847 Bryant's
1239 1805 1520 1847 “century-living

869 1850 1204 1891 crow.'’—semper
1237 1855 1400 1891 negant:
1439 1854 1520 1880 note

868 1894 924 1925 the
950 1894 1147 1935 asyndeton.

911 1939 968 1973 32,
1002 1939 1073 1969 ita:
1102 1939 1157 1968 i.e.
1180 1937 1205 1968 if
1227 1938 1282 1968 the
1307 1938 1383 1968 soul
1408 1937 1435 1968 is
1459 1942 1520 1968 not

866 1982 1045 2012 immortal.
1058 1982 1393 2013 —immortalitate
1408 1991 1415 2011 ε
1437 1980 1520 2012 used

866 2026 998 2056 instead
1020 2025 1055 2056 of
1074 2027 1228 2065 opinione
1244 2026 1517 2056 immortalitatis.

910 2069 964 2101 78.
999 2075 1129 2100 acute:
1161 2069 1216 2099 for
1240 2069 1305 2099 this
1331 2079 1390 2099 use
1415 2069 1451 2099 of
1475 2079 1519 2099 an

866 2113 993 2144 adverb
1004 2113 1190 2154 modifying
1202 2123 1221 2142 a
1232 2113 1407 2152 participle
1421 2115 1520 2153 (con-

867 2157 988 2197 cluso)
1036 2157 1119 2188 used
1165 2156 1420 2197 substantively,
1464 2166 1520 2186 see

870 2203 909 2231 Α.
924 2202 951 2232 ἃ
967 2201 1006 2231 G.
1025 2210 1081 2239 207
1098 2201 1228 2231 c.—in
1247 2200 1307 2230 his
1323 2223 1330 2230 .
1347 2223 1354 2230 .
1370 2223 1377 2230 .
1394 2200 1515 2230 enirn:

867 2245 921 2274 for
939 2245 1004 2274 this
1023 2245 1179 2284 elliptical
1200 2254 1260 2274 use
1278 2243 1314 2274 of
1334 2244 1445 2279 enim,
1463 2254 1519 2273 see

867 2290 992 2318 adsunt
1007 2290 1105 2324 enim,
1123 2288 1165 2327 76
1183 2298 1220 2325 n;
1246 2289 1293 2317 i.e.
1312 2287 1369 2318 the
1386 2288 1519 2318 obscu-

868 2333 959 2363 ritas
990 2332 1023 2362 in
1058 2332 1114 2362 the
1149 2336 1286 2371 present
1323 2331 1414 2370 topic
1448 2330 1519 2370 (the

868 2376 1088 2416 immortality
1100 2375 1137 2405 of
1154 2376 1210 2405 the
1228 2374 1318 2414 soul)
1333 2374 1396 2404 will
1417 2374 1518 2404 make

868 2420 891 2449 it
917 2430 955 2449 so
981 2420 1079 2449 much
1106 2419 1161 2449 the
1185 2419 1291 2448 easier
1314 2418 1367 2448 for
1391 2428 1457 2448 one
1482 2423 1518 2448 to
