1669 2698
97 248 136 284 17

94 396 136 427 311
160 387 348 427 tionibus
373 387 678 440 explicandum.

91 1111 132 1140 40

164 129 216 169 32
570 124 619 158 M.
650 125 803 157 TVLLI
837 124 1128 158 CICERONIS

222 244 308 285 Sed
331 246 459 285 redeo
481 247 534 286 acl
555 246 767 298 antiquos.
834 246 1062 286 Rationem
1088 245 1145 285 illi
1169 246 1409 287 sententiae
1431 260 1532 287 suae

163 329 244 355 non
269 317 358 357 fere
389 318 636 364 reddebant,
663 317 742 357 nisi
773 317 873 369 quid
905 325 993 357 erat
1027 318 1214 358 numeris
1245 325 1317 357 aut
1349 317 1531 370 descrip-

740 389 960 428 Platonem
985 389 1142 436 ferunt,
1167 396 1212 428 ut
1238 389 1531 442 Pythagoreos

160 467 452 511 cognosceret,
486 459 526 499 in
560 460 725 500 Italiam
758 459 927 499 venisse
958 467 998 500 et
1033 459 1231 500 didicisse
1263 460 1532 514 Pythagorea

160 530 301 570 omnia
331 532 599 583 primumque
629 532 683 571 de
710 531 950 571 animorum
983 531 1241 572 aeternitate
1275 545 1358 570 non
1393 531 1530 571 solum

160 602 347 642 sensisse
392 602 502 642 idem
543 604 657 655 quod
698 603 997 656 Pythagoram,
1041 603 1114 642 sed
1154 603 1363 643 rationem
1403 602 1529 643 etiam

157 673 365 714 attulisse.
433 674 585 726 Quam,
628 673 708 713 nisi
752 674 852 726 quid
895 673 1011 721 dicis,
1054 674 1448 726 praetermittamus
1487 681 1530 713 et

159 745 268 785 hanc
301 752 435 785 totam
470 759 588 797 spem
624 745 955 785 immortalitatis
990 745 1289 797 relinquamus.

218 818 271 857 sl.
307 817 379 856 An
430 824 476 856 tu
530 830 627 857 cum
680 830 748 856 me
796 816 837 856 in
896 830 1106 856 summam
1164 817 1528 869 exspectationem

156 888 395 935 adduxeris,
431 889 621 928 deseris?
687 889 843 928 Errare
880 888 1126 928 mehercule
1162 888 1273 928 malo
1309 902 1405 928 cum
1444 888 1530 928 Pla-

158 967 270 1007 tone,
306 973 433 1011 quem
468 966 514 999 tu
548 960 695 1011 quanti
729 960 860 999 facias
901 959 989 999 scio
1022 966 1063 999 et
1099 973 1225 1012 quem
1265 973 1316 1000 ex
1349 966 1424 999 tuo
1457 973 1529 999 ore

156 1030 352 1078 admiror,
386 1044 512 1082 quam
547 1044 643 1070 eum
678 1030 770 1070 istis
804 1044 903 1070 vera
937 1031 1107 1071 sentire.

216 1102 280 1141 ils.
319 1103 463 1142 Macte
496 1101 680 1142 virtute!
728 1116 808 1154 ego
846 1101 957 1142 enim
999 1101 1089 1154 ipse
1128 1115 1224 1141 cum
1264 1103 1411 1142 eodem
1448 1101 1530 1142 isto

156 1187 239 1212 non
265 1173 422 1212 invitus
446 1173 684 1213 erraverim.
744 1174 859 1213 Num
886 1173 1013 1225 igitur
1032 1174 1307 1213 dubitamus?
1339 1187 1393 1212 an
1418 1172 1527 1213 sicut

156 1244 386 1297 pleraque?
420 1258 677 1296 quamquam
712 1245 792 1284 hoc
827 1244 998 1297 quidem
1035 1244 1236 1293 minime;
1268 1245 1528 1297 persuadent

155 1315 267 1355 enim
297 1315 587 1356 mathematici
615 1323 771 1356 terram
800 1315 840 1355 in
870 1316 1010 1356 medio
1035 1317 1194 1356 mundo
1219 1315 1342 1356 sitam
1365 1316 1418 1355 ad
1443 1315 1530 1355 uni-

155 1387 264 1426 versi
290 1387 393 1427 caeli
417 1387 685 1439 complexum
709 1388 829 1439 quasi
856 1388 1005 1439 puncti
1028 1388 1162 1427 instar
1185 1386 1388 1434 obtinere,
1414 1387 1527 1439 quod

155 1456 330 1510 κέντρον
364 1458 420 1497 1111
455 1466 637 1507 vocant3
676 1472 767 1498 eam
804 1473 930 1511 porro
964 1465 1159 1498 naturam
1196 1472 1291 1498 esse
1325 1465 1528 1511 quattuor

155 1529 295 1569 omnia
327 1530 596 1583 gignentium
632 1544 869 1582 corporum,
906 1537 966 1578 ut,
1000 1531 1121 1582 quasi
1155 1529 1310 1582 partita
1342 1530 1526 1570 habeant

200 1656 251 1691 17.
285 1657 331 1686 ad
372 1657 546 1697 antiquos
566 1667 572 1686 :
618 1657 675 1687 the
715 1657 806 1697 early

158 1700 422 1740 Pythagoream.
438 1719 479 1722 ψ
494 1711 566 1731 non
582 1701 659 1731 fere
675 1701 807 1731 redde-

155 1746 264 1775 bant:
290 1745 368 1785 they
391 1744 575 1775 contented
600 1745 806 1774 themselves

155 1788 231 1818 with
242 1789 358 1829 saying
367 1789 464 1818 Αὐτὸς
472 1788 590 1825 ἕφα.-
599 1789 698 1828 quid,
709 1799 775 1818 som
781 1800 807 1818 17-

154 1833 260 1871 thing.
279 1851 315 1854 —
338 1833 506 1863 numeris
539 1837 602 1863 aut
641 1833 807 1872 descrip-

155 1876 332 1912 tionibus,
346 1877 382 1914 (gv
393 1876 579 1905 ‹zritlzmelic
588 1880 803 1916 orgeomelqv.

199 1918 253 1949 39.
286 1920 321 1949 in
341 1919 488 1949 Italiam
507 1919 679 1949 venisse:
710 1920 805 1949 Plato

155 1963 276 1992 visited
300 1963 387 2003 Italy
403 1973 490 1992 soon
514 1963 602 1993 after
624 1963 679 1993 the
703 1963 804 1993 death

154 2006 191 2036 of
214 2007 369 2037 Socrates
391 2006 468 2046 (399
491 2007 580 2046 Bc).
630 2007 685 2036 He
706 2007 804 2036 made

155 2056 220 2080 two
238 2051 444 2090 subsequent
463 2051 557 2080 visits
578 2056 613 2080 to
632 2051 688 2080 the
705 2061 806 2081 coun-

155 2095 466 2135 try.—didicisse‚
486 2095 620 2124 stmlied.
632 2113 674 2116 —
686 2104 733 2124 an
748 2117 755 2124 .
772 2117 779 2124 .
796 2117 803 2124 .

155 2138 312 2168 deseris:
328 2148 384 2168 see
395 2149 450 2173 an,
465 2147 501 2167 10
513 2148 641 2168 n.——ex
653 2143 717 2168 tuo
729 2147 803 2174 ore,

144 2182 239 2222 from
253 2193 343 2221 your
357 2183 430 2221 llys,
443 2183 491 2211 i.e.
509 2181 651 2212 because
669 2182 705 2211 of
722 2192 806 2222 your

155 2225 263 2264 praise
276 2225 311 2255 of
325 2225 529 2256 him—curn
542 2226 642 2256 istis:
659 2226 805 2265 philoso-

155 2269 255 2307 phers
269 2269 343 2298 who
359 2269 511 2308 disagree
525 2269 603 2299 with
623 2270 719 2299 Plato
737 2270 803 2299 and

155 2312 243 2352 deny
262 2312 317 2342 the
335 2313 551 2353 immortality
570 2313 606 2342 of
623 2313 679 2343 the
697 2313 781 2343 soul.

198 2355 251 2385 40.
272 2362 393 2386 macte
404 2357 553 2393 virtute,
567 2357 688 2387 bravo!
704 2361 805 2386 macte

155 2399 183 2429 is
202 2399 365 2440 probably
384 2410 427 2429 an
445 2400 593 2438 adverb;
619 2410 674 2430 see
694 2401 803 2436 Allen,

877 1658 953 1686 Am.
972 1658 1071 1695 Jcmr.
1093 1655 1132 1697 (gf
1152 1657 1274 1686 Philol.
1302 1656 1326 1685 I.
1358 1664 1414 1696 135
1440 1655 1527 1685 fs.—

876 1710 950 1730 non
983 1701 1143 1731 invitus:
1182 1701 1423 1730 litotes—an
1449 1723 1456 1728 .
1483 1723 1490 1729 .
1519 1723 1525 1729 .

875 1745 1074 1784 pleraque:
1102 1743 1263 1783 referring
1281 1749 1316 1773 to
1331 1744 1387 1774 the
1404 1743 1527 1783 skepti-

875 1788 955 1818 cism
974 1788 1011 1817 of
1028 1788 1084 1818 the
1103 1788 1186 1817 New
1204 1787 1389 1828 Academy,
1407 1787 1526 1817 doubt-

874 1832 930 1871 ing
961 1832 1086 1862 almost
1118 1831 1325 1872 everything.
1339 1849 1380 1853 —
1394 1840 1528 1871 quam-

875 1885 988 1915 quam
1008 1898 1015 1905 .
1036 1898 1042 1905 .
1063 1898 1070 1905 .
1090 1875 1267 1905 minime:
1301 1885 1346 1905 sc.
1375 1875 1527 1905 dubitare

874 1925 1061 1958 possumus.
1079 1938 1120 1941 —
1138 1924 1276 1949 terram
1310 1941 1317 1948 .
1351 1941 1359 1948 .
1394 1941 1401 1948 .
1434 1919 1527 1949 obti-

875 1973 962 1993 nere
977 1973 983 1992 :
1002 1973 1043 1992 an
1059 1963 1212 2002 example
1225 1962 1262 1992 of
1274 1962 1506 1992 anacoluthon
1519 1974 1525 1999 ;

874 2007 960 2036 after
973 2007 1191 2037 dubitamus
1206 2016 1252 2036 we
1267 2005 1390 2036 should
1408 2011 1526 2046 expect

873 2052 955 2090 quin
984 2056 1073 2080 serra
1100 2075 1106 2080 .
1133 2074 1138 2079 .
1165 2074 1171 2079 .
1197 2051 1346 2085 obtineat,
1376 2049 1436 2080 but
1469 2050 1526 2080 the

873 2095 1106 2124 construction
1132 2094 1158 2124 is
1183 2094 1336 2133 changed
1360 2093 1447 2123 after
1469 2093 1526 2123 the

872 2138 1115 2177 parenthetical
1133 2142 1292 2168 sentence
1305 2136 1373 2167 and
1387 2142 1524 2167 terram

875 2204 882 2211 .
903 2205 909 2210 .
930 2204 937 2211 .
956 2182 1125 2212 obtinere
1150 2180 1301 2220 depends
1326 2191 1417 2220 upon
1442 2190 1527 2220 per-

874 2226 1045 2255 suadent.
1060 2225 1149 2254 —in
1168 2225 1292 2255 medio
1311 2248 1318 2254 .
1338 2247 1346 2254 .
1366 2247 1373 2254 .
1393 2224 1525 2254 sitam:

873 2269 930 2298 the
970 2269 1088 2309 theory
1126 2268 1163 2298 of
1201 2269 1258 2299 the
1301 2268 1463 2297 ancients.
1483 2287 1526 2289 —

873 2313 1002 2352 puncti
1027 2313 1156 2348 instar,
1179 2323 1199 2342 a
1223 2316 1292 2342 sort
1314 2312 1355 2351 of
1366 2312 1525 2350 point.—

873 2362 1050 2395 quattuor
1069 2379 1076 2385 .
1097 2379 1103 2385 .
1124 2379 1130 2385 .
1150 2365 1361 2395 corporum,
1376 2355 1526 2394 tlzesour

872 2400 1236 2439 clcmcnls.—partita
1261 2399 1426 2429 habeant
1451 2421 1458 2428 .
1485 2421 1491 2428 .
1516 2421 1524 2427 .
