1669 2698
179 118 207 157 6
588 121 639 154 M.
669 121 823 154 TVLLI
857 121 1149 154 CICERONIS

135 250 156 284 3
241 243 304 283 At
328 250 477 283 contra
500 250 710 283 oratorem
731 243 926 284 celeriter
945 243 1155 295 complexi
1177 257 1339 292 sumus,
1357 257 1437 284 nec
1456 257 1552 284 eum

178 314 315 367 primo
339 314 565 363 eruditum,
589 322 738 367 aptum
763 322 908 355 tamen
938 316 991 355 ad
1021 315 1262 363 dicendum,
1289 322 1385 368 post
1409 322 1552 356 autern

179 386 404 426 eruditum.
474 387 587 426 Nam
626 387 819 434 Galbam,
857 386 1130 435 Africanum,
1171 386 1363 427 Laelium
1402 387 1553 427 doctos

180 457 313 498 fuisse
339 457 542 498 traditum
568 465 647 505 est,
674 458 913 498 studiosum
943 465 1088 498 autern
1113 472 1224 506 eum,
1248 458 1320 510 qui
1342 459 1391 498 iis
1413 465 1554 499 aetate

179 528 380 576 anteibat,
409 529 630 577 Catonem,
658 536 754 581 post
774 543 876 569 vero
903 530 1126 582 Lepidum,
1151 530 1405 578 Carbonem,
1428 530 1554 570 Grac-

181 601 297 648 chos,
322 601 419 640 inde
447 601 504 640 ita
532 614 711 653 magnos
739 608 932 641 nostram
959 601 1012 641 ad
1036 608 1234 648 aetatem,
1261 608 1306 640 ut
1337 615 1423 640 non
1449 601 1553 640 mul—

181 680 272 712 tum
307 678 379 711 aut
413 671 516 711 nihil
555 673 730 712 omnino
765 673 942 713 Graecis
977 673 1210 713 cederetur.
1285 671 1555 724 Philosophia

182 743 305 783 iacuit
331 757 466 796 usque
488 744 540 783 ad
565 744 676 784 hanc
697 751 884 785 aetatem
904 757 982 785 nec
1002 744 1133 784 ullum
1152 743 1298 784 habuit
1323 744 1468 783 lumen
1492 742 1556 783 lit-

181 822 368 855 terarum
395 814 645 855 Latinarum
665 829 674 864 ;
703 829 813 868 quae
835 815 1100 855 inlustranda
1125 822 1165 856 et
1191 816 1414 855 excitanda
1432 815 1555 855 nobis

182 894 261 934 est,
301 894 357 933 ut,
399 887 432 926 si
467 888 664 939 occupati
702 887 941 940 profuimus
978 886 1134 939 aliquid
1179 886 1341 926 civibus
1380 886 1554 934 nostris,

138 966 158 997 6
182 958 398 1010 prosimus
429 958 570 1007 etiam,
604 959 638 999 si
670 972 911 1011 possumus,
942 958 1079 999 otiosi.
1147 959 1196 998 In
1228 972 1312 1010 quo
1343 971 1392 998 eo
1419 958 1555 1010 magis

182 1029 305 1069 nobis
330 1036 394 1069 est
421 1030 740 1079 elaborandum,
765 1030 879 1083 quod
906 1029 1029 1070 multi
1060 1029 1139 1069 iarn
1170 1043 1266 1069 esse
1293 1029 1388 1069 libri
1413 1028 1557 1069 Latini

227 1130 261 1163 3.
294 1135 504 1160 oratorem:
537 1129 620 1160 used
644 1129 776 1160 instead
800 1129 836 1159 of

184 1173 241 1203 the
275 1174 421 1204 abstract
459 1175 689 1214 eloquentiam.
707 1192 749 1195 ——
766 1182 836 1203 nec

938 1152 944 1158 .
972 1152 978 1158 .
1003 1128 1119 1159 eisdem
1139 1128 1339 1167 temporibus
1346 1129 1424 1169 fere
1439 1129 1558 1168 quibus

908 1173 1021 1208 Galba,
1032 1173 1197 1211 salpaula
1207 1183 1237 1202 m
1243 1173 1320 1202 inor
1330 1177 1422 1207 natu,
1433 1177 1464 1201 et
1472 1183 1543 1202 sum
1550 1190 1557 1194 -

219 1241 227 1248 .
254 1241 262 1248 .
288 1219 497 1249 eruditum:
524 1218 667 1248 without
692 1217 837 1248 theoret-

183 1262 245 1292 ical
261 1263 413 1302 training.
426 1268 610 1302 —aptum
630 1285 637 1292 .
658 1285 666 1291 .
686 1285 693 1291 .
712 1262 837 1292 dicen-

184 1307 294 1337 dum:
321 1306 363 1336 cf.
391 1307 508 1337 Cato’s
532 1306 709 1337 definition
735 1306 771 1335 of
794 1315 836 1335 an

185 1356 299 1380 orator
318 1351 450 1390 (Quint.
471 1351 554 1380 XII.
573 1360 597 1380 1.
618 1350 646 1390 1)
665 1351 720 1380 vir
736 1350 838 1379 bonus

184 1395 316 1424 dicendi
333 1396 474 1434 peritus.
489 1413 528 1416 Ὦ
545 1395 714 1430 Galbam,
740 1394 838 1423 Afri-

185 1448 334 1475 canum,
363 1439 557 1469 Laelium:
592 1438 633 1468 cf.
663 1439 763 1468 Brut.
795 1437 836 1467 82

188 1485 222 1514 C.
235 1484 370 1513 Laelius
380 1488 410 1514 et
421 1484 458 1513 P.
472 1484 501 1512 A
497 1483 592 1524 frica
598 1494 661 1512 nus
670 1483 839 1521 inprimis

183 1528 365 1567 eloquentes
383 1550 388 1556 .
408 1550 413 1556 .
435 1551 440 1556 .
478 1528 545 1557 Sed
558 1528 647 1556 inter
663 1527 720 1556 llos
736 1531 839 1556 aetate

186 1572 332 1610 paulum
352 1572 398 1600 eis
418 1572 609 1601 antecedens
630 1572 701 1600 sine
717 1574 839 1600 contro—

183 1617 292 1645 versia
317 1616 389 1645 Ser.
412 1616 514 1645 Galba
539 1615 724 1655 eloquentia
743 1619 839 1653 prae-

183 1660 273 1689 stitit.
333 1659 402 1689 Ser.
429 1660 598 1699 Sulpicius
630 1658 742 1688 Galba
770 1667 838 1688 was

184 1703 303 1733 consul
325 1712 383 1741 144
400 1711 463 1734 ΒΕ.
508 1704 574 1733 For
591 1703 648 1733 the
666 1703 839 1733 character

184 1747 250 1777 and
266 1747 456 1787 friendship
472 1747 509 1777 of
528 1747 641 1787 Scipio
655 1747 838 1777 Africanus

186 1792 299 1821 Minor
317 1791 384 1821 and
407 1792 444 1821 C.
466 1792 599 1821 Laelius
623 1791 776 1830 Sapiens,
795 1790 838 1820 cf.

183 1836 221 1865 de
238 1837 327 1871 Am„
345 1835 377 1864 in
397 1835 505 1865 which
529 1835 662 1865 Laelius
686 1835 713 1865 is
734 1844 839 1874 repre-

185 1879 304 1909 sented
323 1889 360 1909 as
375 1879 432 1909 the
449 1880 610 1919 principal
629 1879 783 1918 speaker.
796 1897 838 1900 —

185 1924 338 1954 doctos:
369 1924 452 1953 used
479 1924 510 1952 in
537 1924 593 1953 the
619 1933 714 1953 same
738 1932 837 1953 sense

184 1977 220 1997 as
234 1967 434 2002 eruditum,
447 1966 836 1997 above—studiosum

186 2034 193 2041 .
213 2034 221 2041 .
241 2034 248 2041 .
269 2012 474 2041 Catonern:
500 2021 556 2041 see
573 2013 609 2041 in
631 2011 836 2050 Origy'm'bus,

185 2064 203 2095 3
231 2065 270 2091 n;
300 2055 378 2084 with
408 2055 623 2086 studiosum
652 2064 697 2084 sc.
722 2055 837 2084 doctri-

184 2109 271 2134 7me;
313 2099 369 2129 the
409 2099 605 2139 expression
641 2098 669 2128 is
704 2097 838 2128 weaker

185 2143 269 2173 than
285 2144 438 2173 eruditus
454 2153 492 2173 or
505 2144 624 2173 destas.
666 2142 754 2172 Cato
769 2151 836 2172 was

184 2192 243 2216 not
255 2187 363 2217 called
376 2188 494 2221 doctus,
506 2187 651 2217 because
662 2186 704 2215 he
715 2185 836 2215 lacked

185 2230 295 2261 Greek
311 2231 449 2260 culture.
491 2232 557 2260 For
571 2231 627 2260 the
639 2230 738 2259 order
749 2239 836 2260 eum

186 2297 194 2303 .
221 2297 229 2304 .
257 2298 264 2304 .
292 2275 488 2311 Catonem,
517 2274 559 2304 cf.
588 2285 624 2304 ea
654 2285 738 2314 quae
763 2297 768 2302 .
796 2298 802 2303 .
830 2296 836 2302 .

183 2319 334 2357 physica,
395 2327 443 2357 29.
462 2337 502 2340 —
522 2318 730 2358 Lepidum:
790 2317 835 2346 M.

185 2362 349 2391 Aemilius
370 2362 526 2401 Lepidus,
539 2362 658 2392 consul
681 2370 737 2401 137
755 2368 837 2396 B.C.;

184 2405 225 2435 cf.
245 2406 344 2435 Brut.
362 2414 402 2445 95
428 2407 477 2435 M.
501 2406 667 2436 Aemilius
692 2405 839 2444 Lepidus

904 1228 980 1248 mus
1002 1222 1114 1247 orator
1133 1221 1179 1246 est
1196 1217 1326 1246 habitus
1344 1220 1375 1246 et
1384 1216 1462 1256 suit
1485 1240 1491 1245 .
1517 1239 1523 1245 .
1550 1239 1556 1245 .

904 1262 1045 1300 scriptor
1060 1271 1140 1290 sane
1156 1261 1267 1290 honus.
1280 1279 1319 1282 —
1332 1261 1556 1297 Carbonem,

907 1305 1121 1336 Gracchos:
1163 1304 1202 1334 C.
1241 1304 1393 1343 Papirius
1434 1304 1557 1339 Carbo,

905 1349 1024 1379 consul
1053 1357 1111 1377 120
1130 1356 1204 1384 B.c.,
1223 1347 1289 1378 and
1313 1348 1363 1377 Ti.
1383 1347 1559 1378 Gracchus

905 1403 991 1423 were
1014 1392 1124 1432 pupils
1145 1391 1182 1422 of
1204 1391 1370 1432 Lepidus;
1396 1391 1438 1422 cf.
1457 1393 1558 1422 Brut.

905 1436 948 1476 96
966 1436 1032 1466 and
1058 1445 1213 1478 103-105.
1262 1436 1309 1465 Of
1327 1436 1364 1466 C.
1384 1435 1558 1466 Gracchus

907 1481 1027 1511 Cicero
1041 1490 1118 1522 says
1141 1481 1253 1519 (Brut.
1280 1480 1353 1519 126)
1375 1480 1558 1520 eloquentia

905 1526 1036 1565 quidem
1064 1526 1169 1554 nescio
1189 1535 1234 1554 an
1259 1524 1424 1553 habuisset
1438 1528 1557 1563 parem

906 1570 1083 1598 neminem.
1102 1586 1142 1590 ———
1161 1568 1212 1598 ita
1245 1577 1427 1608 magnos:
1469 1568 1558 1597 from

906 1613 964 1643 the
997 1613 1077 1643 time
1106 1612 1143 1642 of
1172 1612 1230 1642 the
1260 1611 1406 1642 Gracchi
1437 1616 1473 1642 to
1502 1611 1559 1641 the

907 1657 987 1687 time
1005 1657 1042 1686 of
1063 1656 1182 1686 Cicero
1200 1655 1257 1685 the
1275 1655 1410 1695 leading
1425 1660 1559 1686 orators

906 1711 992 1731 were
1012 1701 1057 1730 M.
1074 1700 1260 1735 Antonius,
1279 1700 1394 1730 consul
1415 1708 1455 1739 99
1474 1707 1558 1737 B.C.;

907 1746 944 1775 L.
979 1745 1132 1779 Crassus,
1165 1744 1284 1774 consul
1317 1751 1358 1784 95
1392 1751 1478 1779 B.C.;
1519 1743 1557 1773 C.

907 1789 1035 1827 Cotta;
1058 1789 1092 1817 P.
1114 1788 1302 1828 Sulpicius;
1324 1787 1390 1817 and
1410 1787 1452 1825 Q.
1472 1788 1559 1817 Hor-

906 1833 1046 1863 tensius.
1096 1831 1234 1862 Instead
1252 1831 1288 1861 οἱ
1306 1840 1466 1871 magnos
1484 1836 1558 1867 etc„

905 1876 1101 1916 dependent
1120 1886 1210 1915 upon
1230 1875 1408 1906 traditum
1425 1880 1494 1912 est,
1510 1886 1559 1906 we

905 1920 1029 1951 should
1054 1925 1171 1960 expect
1193 1920 1270 1949 inde
1290 1920 1336 1948 ita
1359 1920 1474 1958 magni
1489 1929 1559 1950 ora-

904 1969 989 1994 tores
1006 1988 1012 1994 .
1032 1989 1037 1994 .
1057 1988 1063 1994 .
1081 1965 1289 1994 exstiterunt.
1300 1981 1342 1985 »-
1356 1968 1420 1994 aut
1443 1962 1555 1993 nihil:

905 2014 969 2039 aut
1009 2009 1035 2038 is
1072 2008 1266 2042 corrective,
1301 2018 1339 2036 ον
1377 2007 1501 2037 rather.
1515 2025 1557 2029 -—

905 2053 1037 2083 iacuit:
1070 2062 1127 2082 see
1160 2054 1275 2085 iacent,
1308 2060 1327 2088 4
1360 2061 1390 2080 n.
1405 2050 1558 2081 ——inlu-

905 2097 1059 2127 stranda
1073 2101 1108 2126 et
1124 2095 1342 2125 excitanda:
1361 2094 1419 2125 the
1432 2094 1558 2124 former

904 2140 1008 2171 refers
1033 2145 1068 2170 to
1091 2148 1160 2170 nec
1180 2163 1187 2169 .
1208 2163 1214 2169 .
1236 2162 1242 2168 .
1260 2139 1391 2169 habuit
1415 2138 1556 2174 lumen,

904 2184 962 2215 the
993 2184 1095 2214 latter
1121 2190 1156 2213 to
1183 2183 1314 2219 iacuit3
1341 2182 1480 2213 chiastic
1506 2192 1558 2212 ar-

905 2232 1162 2267 rangement.—
1174 2227 1347 2267 occupati
1363 2249 1370 2256 .
1386 2249 1394 2256 .
1409 2248 1416 2256 .
1431 2226 1554 2263 otiosi,

903 2274 940 2301 in
951 2273 1066 2311 public
1078 2273 1107 2301 li
1122 2282 1138 2301 e
1161 2294 1166 2299 .
1192 2296 1197 2301 .
1222 2294 1228 2300 .
1251 2272 1287 2300 in
1306 2271 1504 2300 retirement.

949 2316 979 2346 6.
1013 2316 1050 2346 in
1075 2325 1169 2355 quo:
1194 2316 1242 2344 i.e.
1265 2315 1297 2344 in
1325 2314 1391 2344 this
1415 2313 1555 2344 task.—

907 2359 1014 2390 multi
1028 2382 1035 2389 .
1049 2383 1055 2389 .
1071 2382 1078 2389 .
1093 2359 1289 2389 dicuntur:
1307 2358 1425 2388 Cicero
1436 2357 1556 2387 knows

906 2403 964 2434 the
995 2402 1106 2433 books
1134 2403 1212 2443 only
1241 2402 1283 2443 by
1314 2401 1466 2443 hearsay,
1494 2405 1555 2431 not
