1669 2698
122 89 174 137 48
531 92 580 124 M.
612 92 764 124 TVLLI
799 93 1090 125 CICERONIS

65 223 98 253 ft}
123 227 228 261 esse,
254 213 326 266 qui
349 227 397 254 ea
421 214 654 253 fabricatus
678 221 792 253 esset
818 214 858 253 in
884 202 1010 254 caelo.
1079 215 1191 254 Nam
1224 229 1320 255 cum
1346 216 1497 256 Archi-

122 286 267 326 medes
291 286 426 331 lunae,
448 285 560 333 solis,
580 285 769 337 quinque
793 285 1024 324 errantium
1048 293 1192 326 motus
1211 288 1251 326 in
1271 289 1493 339 sphaeram

124 357 326 409 inligavit,
353 356 498 396 effecit
532 357 641 396 idem
666 357 779 408 quod
810 356 891 403 ille,
916 356 987 408 qui
1010 357 1052 396 in
1077 358 1254 398 Timaeo
1287 360 1494 399 mundum

120 428 372 476 aedificavit,
402 427 589 467 Platonis
621 429 739 475 deus,
772 434 818 467 ut
850 428 1052 468 tarditate
1087 436 1129 469 et
1166 431 1384 471 celeritate
1416 430 1497 471 dis-

122 500 357 540 simillimos
396 507 538 539 motus
583 513 667 538 una
706 506 871 550 regeret
912 500 1145 541 conversio.
1215 502 1340 554 Quod
1380 503 1414 541 si
1453 502 1494 541 in

121 572 202 611 hoc
245 572 405 611 mundo
445 571 534 610 fieri
574 569 664 609 sine
703 570 783 609 deo
823 584 908 610 non
948 578 1105 623 potest,
1142 586 1196 612 ne
1235 572 1276 612 in
1316 573 1495 625 sphaera

121 643 291 696 quidem
327 644 498 682 eosdem
534 648 678 681 motus
709 641 997 683 Archimedes
1028 643 1119 683 sine
1150 643 1291 683 divino
1324 644 1495 696 ingenio

121 716 331 768 potuisset
367 713 531 754 imitari.

148 770 290 826 s*Mihi
312 800 413 826 vero
437 799 489 825 ne
512 785 617 825 haec
642 784 814 836 quidem
833 786 997 825 notiora
1023 793 1064 826 et
1089 785 1332 826 inlustriora
1352 801 1494 827 carere

120 859 161 897 vi
199 857 340 897 divina
374 857 585 904 videntur,
620 863 667 897 ut
704 870 785 909 ego
819 863 893 896 aut
931 864 1102 908 poetam
1135 871 1266 910 grave
1305 858 1494 910 plenum-

121 943 202 982 que
234 942 405 969 carmen
436 928 528 969 sine
558 929 735 969 caelesti
762 928 903 980 aliquo
933 928 1090 968 mentis
1114 929 1321 969 instinctu
1345 936 1492 981 putem

121 1002 312 1048 sundere,
345 1007 417 1040 aut
449 1000 737 1052 eloquentiam
764 1000 857 1040 sine
887 999 1046 1040 maiore
1077 1001 1258 1052 quadam
1292 1001 1332 1040 vi
1363 1001 1494 1041 fluere

119 1072 412 1112 abundantem
452 1071 705 1112 sonantibus
744 1071 886 1112 verbis
927 1071 1214 1124 uberibusque
1255 1071 1492 1112 sententiis.

122 1144 393 1195 Philosophia
424 1157 538 1191 vero,
570 1143 762 1183 omnium
794 1150 932 1182 mater
963 1143 1128 1190 artium,
1155 1143 1255 1195 quid
1286 1150 1350 1183 est
1381 1143 1495 1183 aliud

1372 1215 1494 1255 Haec

122 1297 199 1323 nos
225 1284 408 1335 primum
437 1284 488 1323 ad
518 1283 683 1322 illorum
713 1283 887 1329 cultum,
919 1283 1072 1322 deinde
1095 1283 1147 1322 ad
1170 1283 1234 1322 ius
1259 1282 1492 1331 hominum,

120 1353 233 1404 quod
274 1352 401 1391 situm
442 1359 506 1391 est
548 1351 588 1390 in
629 1351 800 1404 generis
840 1350 1015 1390 humani
1057 1350 1274 1398 societate,
1312 1358 1403 1391 tum
1442 1352 1494 1391 ad

121 1214 214 1263 nisi,
239 1221 283 1254 ut
310 1215 439 1261 Plato,
465 1215 636 1261 donum,
664 1221 709 1254 ut
735 1228 828 1266 ego,
853 1215 1074 1253 inventum
1101 1215 1305 1253 deorum?

164 1448 218 1479 63.
253 1448 522 1478 Archimedes:
551 1447 773 1477 Archimedes

120 1493 156 1522 of
191 1493 355 1533 Syracuse
391 1492 554 1531 (287—212
592 1492 682 1530 nc),
717 1492 772 1521 the

119 1536 255 1566 famous
295 1536 574 1566 mathematician
617 1535 685 1565 and
728 1535 773 1565 in-

120 1586 249 1616 ventor,
262 1579 479 1610 constructed
493 1580 751 1618 aplanemrimn
761 1590 771 1611 .-

119 1625 161 1654 cf.
186 1626 265 1663 Res».
296 1625 320 1653 Ι.
350 1624 625 1663 22.-quinque
646 1633 773 1653 erran-

119 1669 212 1699 tium
228 1678 235 1697 :
256 1668 418 1708 Mercury,
429 1669 555 1702 Venus,
570 1667 773 1707 Ma1⁴s,Jupi—

120 1718 177 1745 ter,
199 1712 436 1742 &atum—in
456 1712 636 1742 Timaeo:
655 1722 685 1750 1).
702 1721 751 1751 30.

163 1757 219 1790 26.
253 1755 307 1786 64.
341 1757 435 1786 haec
455 1779 463 1786 .
483 1779 490 1786 .
511 1779 518 1786 .
534 1756 771 1786 inlustriora:

119 1800 279 1839 referring
325 1805 360 1830 to
407 1806 536 1840 poetry,
576 1800 772 1839 eloquence,

118 1844 184 1874 and
242 1844 660 1884 philosophy.—grave‚
708 1844 775 1882 dg*-

120 1889 222 1928 ngfied
239 1899 249 1922 ,·
275 1888 401 1927 having
426 1888 547 1926 weiglit
573 1887 639 1916 and
670 1887 772 1917 force.

118 1951 161 1955 -—
177 1933 342 1972 plenum,
411 1932 627 1971 rhythnliral,

118 1977 222 2006 tancd.
240 1995 282 1998 —
300 1976 382 2006 sine
423 1998 431 2005 .
473 1998 480 2005 .
522 1998 530 2005 .
571 1976 771 2005 instinctu:

118 2020 159 2050 cf,
185 2020 288 2049 Arch.
317 2019 355 2049 18
380 2024 509 2058 poetam
545 2024 670 2048 natura
703 2021 773 2057 ipsa

118 2065 228 2093 valere
255 2068 286 2093 et
312 2065 432 2093 mentis
458 2064 587 2093 viribus
621 2063 772 2097 excitari,

117 2112 148 2138 el
178 2109 276 2147 quasi
306 2108 421 2137 divino
462 2107 601 2147 quodam
650 2107 772 2145 spiritu

118 2152 245 2190 inflari.
260 2151 490 2181 —fundere:
518 2150 612 2180 often
631 2149 714 2180 used
735 2149 773 2179 of

120 2195 176 2225 the
210 2200 383 2225 utterance
408 2194 444 2224 of
471 2200 591 2234 poets;
620 2193 662 2224 cf.
691 2202 771 2231 1073

119 2240 163 2268 JV.
198 2240 245 2268 D.
284 2239 309 2268 Ι.
340 2248 401 2276 423
439 2240 476 2269 de
504 2239 579 2267 fin.
610 2238 670 2266 IV.
710 2246 771 2275 10;

121 2283 252 2312 Lucret.
269 2283 308 2311 V.
326 2282 749 2321 110.—eloquentiarn..
763 2303 770 2310 .

118 2326 176 2355 vi:
202 2326 244 2356 cf.
266 2327 345 2356 Tac.
368 2327 425 2356 Or.
445 2326 472 2355 S.
492 2335 509 2366 3
530 2328 602 2364 ipsa
625 2326 772 2364 eloquen-

119 2371 174 2405 tia,
191 2371 286 2399 cuius
304 2380 427 2399 numen
450 2375 481 2399 ct
498 2370 642 2399 caelestis
658 2370 717 2398 vis.
730 2387 772 2390 —

687 1932 775 1971 sull-

844 1446 1085 1486 philosophia
1107 1469 1115 1476 .
1135 1469 1143 1476 .
1162 1469 1170 1476 .
1189 1452 1309 1477 mater
1337 1447 1494 1478 artium:

843 1491 884 1520 cf.
906 1491 951 1520 II.
975 1500 1010 1531 13
1028 1491 1160 1520 cultura
1177 1496 1284 1520 aulem
1302 1492 1496 1530 animiplli-

842 1535 987 1574 losaplzia
1019 1539 1089 1566 est:
1123 1535 1188 1564 III.
1229 1534 1249 1565 6
1279 1540 1327 1564 est
1349 1535 1497 1575 prqfecto

840 1579 953 1608 animi
968 1579 1144 1613 medisina,
1155 1579 1369 1618 pllz'loscqvlzia
1382 1589 1395 1614 ,·
1419 1579 1457 1608 V.
1479 1587 1495 1618 5

840 1634 857 1651 θ
874 1624 960 1652 vitae
969 1623 1182 1661 philosophia
1196 1623 1283 1652 dux.
1299 1647 1304 1652 .
1318 1646 1324 1651 .
1335 1627 1370 1651 tu
1382 1623 1496 1652 inven-

841 1668 915 1696 lrl'x
936 1667 1056 1705 legum,
1073 1670 1109 1695 lu
1132 1667 1292 1705 magistra
1315 1677 1445 1696 morum
1468 1671 1498 1696 et

841 1711 1039 1748 disciplinae
1053 1710 1185 1750 suisli:
1216 1710 1314 1739 Brut.
1342 1719 1402 1750 322
1421 1711 1496 1749 plli-

840 1754 1019 1792 losoplziam
1055 1777 1061 1782 .
1095 1776 1100 1781 .
1135 1777 1140 1783 .
1172 1758 1310 1783 matrem
1344 1755 1493 1783 omnium

843 1799 917 1827 bene
936 1798 1108 1837 factorum
1136 1797 1276 1836 beneque
1302 1798 1464 1827 dictorum
1484 1807 1494 1832 ,·

842 1843 879 1871 de
906 1842 964 1872 Or.
1000 1842 1025 1870 I.
1057 1850 1077 1880 9
1110 1851 1212 1881 neque
1238 1842 1325 1870 enim
1351 1847 1380 1871 te
1400 1842 1499 1882 fizgit

842 1886 991 1916 omnium
1018 1886 1235 1914 lamiatarum
1264 1886 1391 1915 artium
1418 1890 1496 1924 pro-

842 1930 1029 1959 creatrzrcm
1045 1929 1217 1968 quandam
1230 1934 1261 1959 et
1272 1930 1495 1969 quasiparen-

841 1978 902 2003 lem
926 1984 1008 2008 eam,
1032 1983 1131 2012 quam
1157 1973 1354 2010 φιλοσοφίαν
1379 1973 1497 2003 Graeci

842 2022 969 2051 vocant,
1001 2017 1041 2046 ab
1075 2017 1265 2046 homiuibus
1300 2017 1496 2046 doctissimis

840 2061 999 2090 iudicari.
1012 2070 1088 2091 ——u
1126 2060 1254 2091 Plato:
1275 2070 1320 2090 Sc.
1341 2061 1495 2090 Timaeus

840 2115 870 2144 p.
886 2114 924 2143 47
943 2104 1194 2140 b.—cultum‚
1215 2104 1495 2143 worsth.—ius

839 2149 1037 2179 hominum
1071 2171 1079 2178 .
1113 2171 1120 2178 .
1155 2171 1163 2178 .
1196 2148 1434 2178 videremus:
1459 2147 1493 2177 in

840 2192 907 2222 this
933 2202 1078 2232 passage
1104 2192 1223 2222 Cicero
1250 2191 1352 2221 refers
1377 2196 1412 2220 to
1437 2191 1494 2221 the

839 2236 917 2266 four
934 2236 1085 2266 cardinal
1100 2236 1225 2266 virtues
1242 2235 1279 2265 of
1295 2235 1352 2265 the
1372 2235 1494 2271 Stoics,

840 2280 948 2310 which
972 2280 1014 2310 he
1037 2279 1213 2310 discussed
1237 2278 1436 2309 afterwards
1458 2279 1493 2308 in

840 2323 896 2354 the
913 2325 952 2353 de
965 2324 1090 2363 Officiis
1102 2334 1114 2359 ;
1133 2324 1192 2354 ius
1209 2323 1406 2354 hominurn
1425 2333 1494 2352 cor-

839 2367 1004 2407 responds
1029 2372 1064 2397 to
1089 2368 1214 2397 iustitia
1240 2367 1294 2407 (cf.
1316 2368 1354 2397 de
1377 2367 1440 2406 Off
1464 2367 1492 2396 Ι.
