1669 2698
123 360 168 394 39

123 403 164 434 93

119 1383 159 1413 94

192 117 246 157 70
595 111 644 143 M.
673 111 827 143 TVLLI
862 112 1152 145 CICERONIS

190 241 327 273 morte
371 234 511 273 nullus
556 234 624 281 sit,
666 247 760 273 cum
802 234 842 272 in
882 235 972 273 eius
1012 233 1237 274 simulacro
1277 234 1420 276 videas
1463 249 1560 277 esse

189 305 351 344 nullum
387 305 594 344 sensum?

252 377 466 417 Pellantur
485 390 587 428 ergo
611 376 717 417 istae
740 376 925 428 ineptiae
949 390 1084 428 paene
1100 377 1248 425 aniles,
1268 384 1370 419 ante
1388 385 1558 431 tempus

187 448 294 488 mori
316 448 518 488 miserum
544 461 649 488 esse.
709 448 836 500 Quod
859 449 1033 487 tandem
1056 450 1259 500 tempus?
1292 451 1558 490 naturaenc?

187 520 250 559 At
291 534 338 560 ea
371 519 540 572 quidem
577 518 692 559 dedit
733 532 905 558 usuram
945 518 1056 559 vitae
1095 526 1312 572 tamquam
1352 521 1558 572 pecuniae

188 591 302 631 nulla
331 590 584 643 praestituta
615 590 692 630 die.
761 590 876 642 Quid
906 597 969 630 est
1001 589 1130 642 igitur
1161 592 1273 643 quod
1305 605 1497 643 querare,
1524 593 1558 632 si

188 662 340 713 repetit
367 675 462 701 cum
481 662 569 701 volt
589 662 602 700 ?
638 675 687 701 ea
711 661 822 701 enim
842 660 1091 700 condicione
1110 675 1348 713 acceperas.

189 734 221 772 si
245 747 348 785 puer
372 746 526 785 parvus
554 732 719 779 occidit,
746 746 883 784 aequo
910 731 1050 772 animo
1078 733 1302 773 ferendum
1330 740 1495 785 putant,
1523 733 1558 773 si

1213 804 1351 856 Atqui
1390 805 1442 845 ab
1476 805 1557 844 hoc

1179 876 1383 915 Nondum
1417 883 1558 928 gusta-

1408 663 1556 711 Iidem,

187 818 287 843 vero
326 804 366 843 in
401 805 533 852 cunis,
570 818 623 843 ne
657 804 922 855 querendum
958 803 1142 855 quidem.

188 875 382 915 acerbius
415 875 555 927 exegit
590 883 741 915 natura
775 876 888 927 quod
922 875 1109 915 dederat.

187 954 319 995 verat,
348 946 497 998 inquit,
526 947 638 986 vitae
665 945 943 993 suavitatem;
977 946 1044 985 hic
1071 953 1215 986 autem
1248 946 1327 985 iam
1359 947 1555 999 sperabat

187 1032 342 1070 magna
372 1017 525 1070 quibus
557 1018 639 1057 frui
674 1024 883 1069 coeperat.
951 1018 1012 1057 At
1048 1017 1088 1056 id
1122 1017 1290 1069 quidem
1326 1018 1367 1057 in
1403 1019 1557 1058 ceteris

188 1090 314 1129 rebus
362 1089 512 1128 melius
556 1095 744 1140 putatur,
787 1088 969 1140 aliquam
1014 1095 1177 1140 partem
1223 1103 1348 1141 quam
1396 1089 1554 1128 nullam

185 1161 424 1213 attingere;
458 1174 532 1199 cur
558 1160 598 1199 in
627 1159 713 1199 vita
741 1160 895 1200 secus?
961 1159 1232 1212 Quamquam
1257 1174 1343 1199 non
1366 1160 1476 1200 male
1498 1161 1554 1200 ait

188 1232 475 1272 Callimachus
514 1232 648 1271 multo
687 1230 855 1282 saepius
894 1230 1139 1270 lacrimasse
1176 1230 1388 1271 Priamum
1428 1245 1554 1283 quam

457 1304 616 1342 Eorum
650 1309 806 1349 autem,
842 1301 914 1354 qui
948 1309 1095 1342 exacta
1128 1309 1268 1342 aetate
1302 1303 1552 1350 moriuntur,

644 1373 761 1413 Cur?
814 1387 922 1419 nam,
942 1387 1045 1419 reor,
1068 1373 1206 1421 nullis,
1227 1373 1260 1413 si
1283 1373 1368 1413 vita
1391 1374 1555 1426 longior

990 1444 1104 1483 Nihil
1133 1444 1244 1484 enim
1270 1452 1333 1484 est
1360 1445 1555 1497 profecto

185 1303 387 1343 Troilum.

184 1375 356 1414 fortuna
379 1375 586 1414 laudatur.

184 1447 366 1493 daretur,
392 1452 537 1497 posset
563 1458 657 1485 esse
688 1444 919 1484 iucundior.

183 1517 343 1556 homini
366 1517 591 1569 prudentia
614 1516 792 1563 dulcius,
814 1530 953 1569 quam,
980 1524 1025 1555 ut
1052 1523 1193 1555 cetera
1215 1516 1393 1563 auferat,
1414 1517 1554 1556 adfert

902 1609 1086 1639 somewhat
1115 1609 1181 1639 and
1211 1613 1246 1639 to
1276 1609 1375 1648 begin
1407 1613 1442 1639 to
1474 1609 1553 1640 take

900 1658 974 1692 part
996 1653 1030 1683 in
1054 1654 1096 1683 its
1122 1653 1277 1683 business
1300 1653 1333 1682 in
1356 1652 1552 1683 distinction

900 1697 988 1727 from
1015 1697 1070 1726 the
1097 1697 1214 1732 infant,
1243 1697 1279 1726 in
1306 1697 1554 1727 cuniS.—ce-

900 1741 1009 1771 teris:
1024 1741 1198 1780 proleptic,
1210 1742 1257 1770 Le.
1271 1740 1313 1770 all
1328 1741 1425 1770 other
1437 1740 1552 1780 things

900 1790 1019 1824 except
1052 1785 1118 1814 life.
1136 1803 1179 1806 —
1195 1793 1438 1824 quamquam,
1478 1786 1551 1815 and

900 1833 1092 1868 yet—non
1117 1828 1226 1864 male,
1251 1832 1309 1857 not
1327 1829 1552 1866 mnm'sc‘ly.—-

225 1610 282 1643 39.
316 1608 370 1639 93.
404 1610 520 1640 istae:

182 1654 280 1694 quod
301 1677 308 1683 .
328 1677 335 1683 .
356 1677 363 1683 .
382 1659 554 1693 tempus:
581 1663 625 1683 sc.
644 1658 719 1683 ante
744 1653 831 1683 from

180 1699 237 1728 the
262 1697 620 1737 preceding—nulla
647 1720 654 1727 .
682 1720 688 1726 .
717 1720 723 1727 .
750 1697 830 1727 die:

180 1751 301 1782 money
318 1742 344 1771 is
362 1741 486 1771 loaned
507 1747 541 1771 to
559 1741 600 1771 be
617 1741 773 1771 returned
797 1746 831 1771 at

179 1795 221 1815 an
249 1785 431 1825 appointed
464 1785 554 1820 time,
583 1784 643 1815 but
670 1784 727 1814 life
755 1795 832 1825 may

179 1828 219 1859 be
244 1829 351 1859 called
380 1829 465 1859 back
495 1829 537 1870 by
563 1834 682 1859 nature
706 1834 740 1858 at
766 1838 831 1870 any

571 1619 628 1640 see
667 1618 701 1649 51
743 1620 833 1639 n.—-

178 1878 347 1909 moment;
374 1873 414 1902 cf.
437 1874 566 1903 Lucret.
588 1873 653 1902 ΙΙΙ.
672 1881 729 1911 971
751 1874 831 1902 vita-

177 1927 238 1956 que
268 1918 435 1955 mancipio
467 1918 559 1946 nulli
589 1918 699 1951 datur,
728 1918 831 1946 omni-

177 1961 234 1989 bus
266 1971 336 1989 usu.
356 1979 397 1981 —
415 1960 571 2000 repetit:
609 1970 652 1990 sc.
694 1965 827 1989 natura.

176 2004 364 2034 —iidemz
388 2005 437 2034 lle,
457 2004 555 2034 those
574 2003 648 2033 who
666 2009 755 2033 utter
772 2003 828 2033 the

177 2048 341 2088 ineptiae
360 2047 505 2078 referred
530 2053 565 2077 to
586 2049 618 2077 in
642 2047 829 2087 pellantur

208 2115 215 2121 .
239 2115 246 2121 .
268 2092 546 2132 esse.——atqui‚
567 2093 713 2130 amlyet.
727 2110 769 2113 —
783 2092 829 2121 ab

175 2136 267 2165 hoc:
288 2136 449 2176 referring
467 2142 501 2165 to
521 2136 552 2166 si
573 2159 579 2165 .
601 2158 607 2164 .
628 2159 635 2164 .
654 2135 691 2165 in
709 2135 827 2168 cunis,

174 2179 527 2210 above—acerbius
546 2179 690 2218 exegit:
710 2184 828 2208 nature

174 2223 201 2253 is
224 2233 243 2253 a
260 2228 389 2254 sterner
406 2224 551 2253 creditor
567 2223 599 2252 in
618 2222 684 2252 this
703 2232 780 2252 case
793 2222 828 2252 in

175 2266 382 2307 demanding
407 2267 494 2297 back
519 2277 558 2297 so
581 2266 717 2307 quickly
738 2266 828 2296 what

174 2310 234 2340 she
261 2311 322 2341 has
348 2311 663 2350 given—inquit:
698 2320 742 2340 sc.
769 2310 828 2339 ali-

173 2355 380 2393 qum—hic
399 2360 546 2385 autem:
568 2357 618 2384 i.e.
637 2363 729 2394 puer
746 2363 829 2393 par-

174 2407 256 2434 vus,
276 2409 340 2428 one
359 2399 414 2427 old
436 2398 570 2437 enough
595 2402 629 2427 to
653 2397 753 2438 enjoy
771 2397 828 2427 life

902 1872 1177 1902 Callimachus:
1211 1881 1266 1901 see
1289 1871 1330 1908 84
1348 1882 1378 1900 n.
1393 1890 1434 1893 —
1447 1871 1553 1901 Troi-

898 1916 997 1946 lurn:
1033 1916 1178 1951 Troilus,
1204 1915 1262 1945 the
1290 1925 1403 1955 young
1429 1925 1491 1945 son
1516 1915 1553 1945 of

901 1960 1021 1993 Priam,
1039 1960 1124 1989 slain
1142 1959 1185 2000 by
1200 1959 1348 1989 Achilles
1363 1971 1368 1995 ;
1393 1959 1434 1988 cf.
1451 1959 1550 1998 Verg.

899 2004 981 2034 Aen.
998 2004 1022 2032 Ι.
1038 2012 1100 2041 474
1115 2003 1202 2033 ff.—
1214 2007 1344 2032 exacta
1363 2007 1498 2039 aetate,
1513 2004 1550 2032 in

897 2048 1069 2076 advamed
1082 2057 1164 2085 agrafi
1190 2048 1237 2076 i.e.
1255 2046 1342 2076 after
1359 2046 1416 2076 the
1433 2045 1549 2085 period

897 2090 935 2120 of
951 2091 1058 2120 active
1075 2090 1131 2120 life
1152 2089 1266 2130 (aetas)
1285 2090 1346 2119 has
1362 2089 1494 2129 passed.

942 2134 992 2164 94.
1026 2143 1091 2165 cur
1110 2157 1117 2163 .
1139 2157 1145 2163 .
1166 2157 1173 2163 .
1192 2133 1407 2164 iucundior:
1431 2143 1450 2163 a
1466 2133 1551 2163 criti-

897 2178 978 2208 cism
1004 2178 1041 2208 of
1069 2178 1125 2207 the
1153 2177 1334 2217 preceding
1357 2177 1550 2213 sentiment,

898 2231 1028 2253 eorum
1045 2245 1052 2251 .
1069 2245 1076 2251 .
1093 2245 1099 2251 .
1114 2221 1300 2252 laudatur.
1315 2239 1357 2242 —
1372 2221 1504 2251 nullis:
1531 2230 1551 2250 a

897 2276 969 2295 rare
985 2265 1196 2296 substantive
1218 2274 1278 2295 use
1302 2264 1340 2294 of
1363 2264 1420 2294 the
1442 2264 1549 2304 plural

897 2309 934 2339 of
959 2310 1076 2339 nullus
1100 2308 1233 2338 instead
1258 2308 1294 2337 of
1318 2313 1548 2338 mma—ut:

896 2363 953 2383 see
981 2353 1019 2382 16
1044 2363 1075 2382 n.
1092 2371 1130 2374 —
1145 2352 1302 2388 auferat,
1321 2352 1462 2382 adfert:
1491 2351 1548 2381 the

896 2397 1072 2426 antithesis
1085 2396 1115 2425 in
1130 2396 1285 2435 meaning
1295 2396 1322 2425 is
1334 2394 1549 2435 emphasized
