1669 2698
86 285 93 293 -
151 259 303 300 vivere.

106 1453 123 1487 4

110 1497 123 1526 1

153 134 207 172 26
561 137 611 169 M.
642 136 795 168 TVLLI
829 135 1118 169 CICERONIS

371 260 431 300 Vt
466 272 592 311 porro
626 259 917 298 firmissimum
951 258 1032 297 hoc
1065 257 1222 298 adferri
1253 257 1419 298 videtur
1449 272 1523 298 cur

151 331 254 370 deos
298 345 392 371 esse
428 331 664 378 credamus,
696 330 809 382 quod
844 329 958 369 nulla
1000 343 1109 381 gens
1139 335 1227 369 tam
1261 330 1361 377 fera,
1398 343 1524 370 nemo

152 402 341 441 omnium
381 409 469 442 tam
510 401 563 441 sit
603 400 796 448 inmanis,
831 400 952 440 cuius
984 407 1174 441 mentem
1207 414 1293 440 non
1325 400 1521 441 imbuerit

151 474 327 513 deorum
372 472 514 525 opinio
561 472 700 527 (multi
735 472 787 511 de
821 472 884 512 dis
918 485 1048 524 prava
1091 471 1304 520 sentiunt;
1336 471 1377 511 id
1411 471 1521 513 enim

151 544 303 584 vitioso
346 558 462 584 more
508 544 617 584 effici
661 543 790 592 solet;
833 557 983 584 omnes
1025 550 1169 583 tamen
1214 557 1308 584 6556
1351 544 1435 583 vim
1480 551 1522 584 et

151 624 346 656 naturam
391 617 576 656 divinam
621 615 893 662 arbitrantur,
929 629 1008 655 nec
1052 629 1153 655 vero
1198 616 1238 655 id
1283 615 1523 655 conlocutio

151 687 370 728 hominum
399 694 471 727 aut
501 700 730 727 consessus
755 687 912 734 effecit,
938 700 1023 726 non
1052 686 1262 726 institutis
1290 687 1429 739 opinio
1457 694 1521 727 est

151 760 414 807 confirmata,
449 773 533 798 non
572 758 760 810 legibus;
805 759 920 797 omni
954 766 1096 798 autem
1137 757 1177 797 in
1217 772 1262 798 re
1298 758 1523 799 consensio

150 831 338 870 omnium
372 831 565 883 gentium
610 830 676 870 lex
710 837 888 870 naturae
921 830 1111 881 putanda
1145 830 1412 882 est)—quis
1456 836 1521 870 est

149 903 277 955 igitur
305 903 376 954 qui
404 915 576 941 suorum
608 908 789 941 mortem
817 900 999 953 primum
1029 914 1112 939 non
1144 914 1193 940 60
1224 901 1381 953 lugeat,
1409 902 1522 953 quod

1250 973 1373 1012 Tolle
1413 973 1521 1013 hanc

938 1045 1078 1083 Nemo
1108 1043 1221 1083 enim
1253 1051 1414 1083 maeret
1446 1058 1524 1084 suo

150 987 222 1014 eos
268 974 441 1013 orbatos
480 972 592 1013 vitae
638 973 873 1012 commodis
917 972 1177 1012 arbitretur?

151 1046 407 1097 opinionem,
434 1045 597 1084 luctum
631 1043 870 1084 sustuleris.

151 1117 446 1163 incommodo;
480 1116 626 1155 dolent
651 1115 837 1155 fortasse
861 1122 902 1155 et
930 1121 1174 1167 anguntur;
1210 1115 1284 1155 sed
1309 1114 1377 1154 illa
1403 1115 1522 1167 lugu.-

150 1187 237 1227 bris
264 1187 513 1227 lamentatio
545 1187 760 1238 fletusque
787 1200 983 1226 maerens
1011 1199 1061 1226 ex
1085 1199 1134 1226 eo
1168 1193 1246 1234 est,
1272 1187 1386 1238 quod
1409 1200 1519 1234 eum,

150 1272 275 1311 quem
316 1258 552 1305 dileximus,
592 1257 703 1297 vitae
745 1257 978 1297 commodis
1017 1256 1230 1309 privatum
1268 1257 1522 1297 arbitramur

151 1329 276 1382 idque
309 1329 480 1369 sentire.
545 1329 694 1381 Atque
738 1329 844 1369 haec
877 1327 935 1368 ita
970 1327 1180 1368 sentimus
1214 1336 1368 1368 natura
1398 1329 1519 1376 duce,

150 1401 263 1441 nulla
287 1400 449 1441 ratione
471 1400 673 1452 nullaque
696 1400 898 1440 doctrina.

212 1471 445 1512 Maximum
479 1485 580 1512 vero
613 1478 916 1524 argumentum
951 1477 1016 1511 est
1060 1477 1257 1510 naturam
1301 1469 1435 1522 ipsam
1469 1472 1522 1511 de

149 1543 468 1583 immortalitate
490 1542 728 1583 animorum
757 1541 930 1582 tacitam
960 1541 1158 1589 iudicare,
1183 1542 1295 1594 quod
1323 1541 1521 1582 omnibus

868 1624 979 1654 tolle:
1018 1623 1074 1653 the
1112 1623 1311 1663 imperative
1346 1623 1426 1653 with
1464 1624 1521 1654 the

867 1667 961 1698 force
986 1667 1023 1697 of
1053 1677 1072 1697 a
1096 1667 1282 1697 condition.
1297 1685 1339 1689 —-
1353 1673 1496 1698 maeret
1512 1678 1518 1697 :

869 1712 936 1742 this
954 1711 1058 1741 refers
1077 1716 1112 1741 to
1136 1711 1193 1741 the
1213 1710 1367 1741 outward
1391 1721 1521 1751 expres-

193 1625 247 1656 30.
281 1626 551 1661 firmissimum,
570 1626 624 1655 the
642 1629 803 1664 strongest

145 1670 477 1710 prees—deorum
503 1670 651 1709 opinio:
679 1679 722 1699 an
745 1668 800 1698 ob-

150 1714 270 1753 jective
300 1714 458 1753 genitive,
484 1714 594 1752 opinio
621 1714 658 1743 dc
687 1714 801 1743 dis.—

150 1767 275 1797 prava,
299 1768 418 1798 wrong
435 1758 596 1796 opinions.
610 1757 800 1787 -vitioso

150 1811 265 1838 more,
298 1802 336 1841 by
361 1801 705 1841 prejudice.—quis
742 1806 799 1831 est

150 1846 285 1885 igitur:
327 1855 347 1875 a
378 1855 456 1876 case
494 1845 531 1875 of
569 1844 799 1875 anacoluthon

149 1889 235 1919 after
268 1890 323 1920 the
357 1889 603 1930 parenthetical
641 1894 799 1919 sentence

150 1934 257 1964 multi
283 1956 290 1964 .
317 1957 325 1964 .
352 1956 359 1963 .
385 1934 552 1973 putanda
570 1938 639 1963 est.
688 1932 801 1972 igitur

151 1988 298 2008 resumes
317 1978 374 2008 the
391 1976 600 2017 interrupted
617 1976 800 2007 discourse.

150 2021 429 2061 Corresponding
453 2025 489 2050 to
516 2026 557 2051 ut
586 2030 695 2061 porro
722 2043 729 2050 .
757 2043 764 2050 .

149 2066 276 2105 opinio
301 2076 349 2096 we
374 2065 498 2095 should
528 2065 613 2094 have
638 2063 800 2104 expected

149 2119 168 2138 a
200 2109 313 2139 clause
344 2108 545 2139 introduced
577 2108 620 2149 by
647 2110 704 2143 ita,
735 2112 800 2138 “as

150 2153 206 2183 the
223 2153 393 2183 existence
407 2152 443 2183 of
459 2153 517 2183 the
534 2152 619 2192 gods
633 2152 659 2182 is
673 2151 800 2191 proved

149 2196 191 2237 by
208 2197 265 2227 the
284 2197 451 2227 universal
474 2196 577 2226 belief
598 2195 634 2226 of
656 2205 742 2230 men,
761 2205 800 2225 so

149 2240 205 2270 the
230 2241 450 2281 immortality
475 2240 511 2270 of
542 2240 599 2270 the
631 2239 704 2270 soul
737 2249 798 2269 can

149 2284 189 2313 be
215 2284 342 2323 proved
370 2284 404 2314 in
433 2284 490 2314 the
517 2293 611 2314 same
639 2282 742 2324 way.”
759 2300 801 2304 —

150 2328 334 2366 primurn:
379 2328 436 2357 the
479 2327 675 2358 correlative
715 2332 798 2356 term

149 2371 176 2400 is
201 2372 355 2411 lacking3
389 2372 595 2402 maximum
624 2379 722 2405 vero,
749 2379 798 2410 31,

149 2414 341 2445 introduces
370 2415 426 2444 the
454 2419 533 2445 next
559 2418 800 2454 argument.—

868 1756 943 1787 sion
962 1755 998 1785 of
1022 1755 1115 1795 grief,
1134 1755 1260 1785 dolent
1283 1755 1351 1785 and
1374 1764 1522 1795 angun-

868 1805 928 1830 tur
953 1799 1064 1829 rather
1090 1804 1124 1829 to
1150 1799 1207 1829 the
1232 1798 1360 1829 inward
1385 1798 1519 1838 feeling.

868 1844 1034 1883 -idque
1062 1843 1213 1880 sentire,
1238 1843 1311 1872 ami
1332 1843 1405 1873 that
1430 1843 1469 1873 lte
1494 1844 1521 1872 is

868 1889 1033 1918 consciens
1064 1887 1104 1927 qs
1130 1888 1164 1916 it.
1182 1905 1224 1909 —-
1242 1887 1441 1924 sentimus,
1474 1898 1521 1918 we

867 1932 973 1961 think.

914 1975 966 2009 14,
999 1974 1053 2004 31.
1082 1975 1288 2006 maximum
1313 1998 1320 2005 .
1347 1997 1355 2005 .
1382 1997 1390 2005 .
1412 1984 1521 2015 argu-

869 2024 1039 2049 mentum
1055 2028 1062 2048 :
1089 2019 1146 2049 the
1166 2018 1255 2049 third
1274 2023 1451 2059 argument
1468 2019 1522 2049 for

869 2063 925 2093 the
951 2063 1169 2104 immortality
1194 2063 1230 2093 of
1253 2063 1311 2093 the
1335 2063 1429 2100 soul;
1463 2063 1520 2094 the

869 2106 940 2137 first
954 2106 1071 2146 begins
1086 2106 1163 2136 with
1178 2107 1341 2146 primum
1354 2107 1518 2147 quidem,

870 2150 927 2187 26;
955 2150 1012 2181 the
1035 2150 1160 2181 second
1186 2151 1213 2181 is
1237 2151 1269 2181 in
1295 2150 1352 2181 the
1376 2160 1519 2190 passage

869 2199 909 2225 ut
930 2203 1040 2234 porro
1059 2217 1066 2224 .
1087 2217 1094 2224 .
1115 2217 1122 2224 .
1141 2195 1225 2234 quis
1246 2199 1304 2225 est
1327 2195 1452 2235 igitur,
1467 2204 1518 2235 30.

869 2238 943 2268 The
967 2238 1080 2268 clause
1106 2239 1312 2269 maximum
1331 2261 1339 2268 .
1359 2261 1366 2268 .
1385 2261 1393 2268 .
1413 2243 1469 2268 est
1491 2238 1518 2268 is

868 2282 926 2312 the
943 2281 1113 2321 predicate
1130 2282 1168 2311 of
1189 2282 1287 2321 quod
1314 2305 1321 2311 .
1348 2305 1356 2311 .
1383 2305 1390 2311 .
1417 2282 1517 2319 sint3

867 2326 924 2356 the
942 2325 1104 2356 infinitive
1121 2326 1247 2361 clause,
1261 2330 1435 2356 naturam
1455 2348 1461 2354 .
1482 2348 1488 2354 .
1509 2348 1516 2355 .

869 2370 1043 2405 iudicare,
1082 2370 1234 2409 depends
1273 2379 1364 2408 upon
1404 2369 1519 2399 maxi-

869 2423 972 2444 mum
999 2436 1006 2443 .
1034 2436 1041 2443 .
1068 2436 1076 2443 .
1102 2419 1172 2444 est.
1190 2431 1232 2434 —
1249 2413 1422 2443 tacitam:
1459 2412 1517 2443 the
