1669 2698
85 1224 122 1254 81

152 90 210 130 60
563 98 611 129 M.
643 98 794 129 TYLLl
829 98 1119 131 c1CE1<ONIS

152 218 205 257 de
243 219 435 269 partibus
475 219 524 259 iis
564 219 604 258 in
644 219 797 271 quibus
840 219 1141 271 aegritudines,
1184 220 1269 261 irae
1313 222 1523 263 libidines-

153 303 235 341 que
279 297 513 337 versentur,
555 304 660 342 quas
704 290 749 337 is,
793 298 940 330 contra
982 304 1109 343 quem
1155 292 1259 332 haec
1308 292 1521 342 dicuntur,

153 368 341 400 semotas
379 375 402 400 a
440 368 587 402 mente
625 368 665 401 et
706 361 915 401 disclusas
954 368 1089 414 putat.
1158 363 1249 403 Iam
1290 363 1523 405 similitudo

151 432 286 484 magis
322 440 498 484 apparet
536 432 577 471 in
617 432 776 480 bestiis,
818 447 997 485 qiiarum
1035 433 1165 474 animi
1203 442 1302 474 sunt
1347 435 1522 476 rationis

151 511 377 555 expertes3
406 503 625 543 hominum
650 511 794 543 autem
819 504 1052 545 similitudo
1075 505 1116 544 in
1141 519 1366 558 corporum
1388 507 1523 560 figura

152 574 287 627 magis
317 582 470 623 exstat,
495 583 536 615 et
569 575 647 627 ipsi
669 575 800 615 animi
822 575 966 628 magni
991 577 1119 616 refert
1145 578 1257 629 quali
1281 577 1323 617 in
1348 592 1522 630 corpore

151 646 277 686 locati
297 646 391 686 sint.
457 647 598 687 Multa
621 647 731 687 enim
757 660 779 687 e
803 661 980 699 corpore
1003 648 1216 688 exsistunt
1236 662 1345 701 quae
1366 656 1521 689 acuant

151 725 353 766 mentem,
399 719 534 758 multa
575 732 684 770 quae
723 718 977 759 obtundant.
1044 719 1307 760 Aristoteles
1351 721 1521 772 quidem

149 789 206 829 ait
239 789 377 829 omnis
409 789 654 842 ingeniosos
686 790 1017 830 melancholicos
1042 804 1149 837 esse,
1178 798 1223 831 ut
1247 805 1328 844 ego
1350 805 1419 831 me
1442 798 1524 831 tar-

149 862 309 900 diorem
354 874 450 901 esse
492 874 577 900 non
621 861 803 901 moleste
846 862 991 902 feram.
1067 862 1304 902 Enumerat
1348 862 1520 911 multos,

151 932 277 984 idque
299 933 419 984 quasi
444 939 626 980 constet,
648 932 854 972 rationem
880 946 955 972 cur
978 933 1036 973 ita
1054 934 1126 973 fiat
1152 934 1305 974 adfert.
1357 933 1523 986 Quodsi

149 1008 269 1040 tanta
297 1000 359 1040 vis
391 1008 455 1041 est
490 1002 542 1040 ad
575 1000 767 1040 habitum
802 1002 958 1041 mentis
993 1002 1034 1041 in
1065 1001 1114 1041 iis
1144 1016 1252 1054 quae
1284 1002 1522 1054 gignuntur

150 1073 191 1111 in
237 1086 412 1124 corpore
458 1077 522 1124 <ea
569 1079 668 1111 sunt
717 1079 874 1119 autem,
915 1086 1210 1125 quaecumque
1256 1080 1370 1121 sunt,
1415 1087 1523 1126 quae

151 1143 469 1183 similitudinem
526 1144 716 1195 faciant),
773 1143 877 1183 nihil
930 1145 1203 1184 necessitatis
1256 1144 1393 1184 adfert
1448 1158 1523 1184 cur

150 1222 381 1254 nascantur
425 1215 555 1254 animi
600 1214 842 1255 similitudo.
928 1215 1094 1256 Omitto
1143 1215 1519 1256 dissimilitudines.

150 1287 316 1326 Vellem
346 1287 499 1326 adesse
529 1294 674 1339 posset
711 1286 938 1326 Panaetius
979 1286 1099 1341 (vixit
1137 1300 1232 1326 cum
1269 1286 1494 1339 Africano)
1515 1300 1524 1336 ;

150 1372 397 1410 quaererem
430 1371 480 1397 ex
512 1371 575 1406 eo,
603 1357 725 1398 cuius
756 1371 930 1398 suorum
962 1357 1109 1398 similis
1139 1358 1295 1398 fuisset
1327 1357 1523 1398 Africani

149 1430 293 1469 fratris
327 1443 474 1481 nepos,
509 1429 618 1469 facie
650 1429 718 1469 vel
749 1428 895 1481 patris,
919 1429 1007 1469 vita
1035 1429 1225 1468 omnium
1259 1428 1521 1481 perditorum

151 1500 208 1540 ita
231 1500 378 1540 similis
402 1507 447 1540 ut
473 1507 588 1540 esset
612 1500 738 1541 facile
758 1501 1015 1541 deterrimus
1034 1514 1042 1549 ;
1076 1499 1196 1540 cuius
1223 1499 1351 1540 etiam
1376 1499 1522 1540 similis

151 1573 193 1612 P.
232 1573 387 1620 Crassi,
424 1579 464 1612 et
502 1571 706 1624 sapientis
740 1579 782 1612 et
817 1571 1057 1625 eloquentis
1091 1578 1134 1612 et
1167 1571 1292 1624 primi
1323 1571 1520 1620 hominis,

913 1671 968 1702 81.
1001 1671 1092 1701 vixit
1108 1694 1115 1700 .
1132 1694 1139 1700 .
1156 1694 1163 1700 .
1179 1671 1380 1701 Africano:
1400 1671 1523 1702 Panae-

871 1716 939 1746 tius
957 1725 1026 1746 was
1045 1715 1101 1744 the
1118 1714 1229 1745 friend
1246 1714 1313 1744 and
1333 1715 1469 1745 teacher
1486 1715 1522 1745 of

871 1759 928 1789 the
956 1769 1106 1800 younger
1134 1759 1316 1789 Africanus
1344 1758 1413 1788 and
1442 1759 1521 1788 Lae-

870 1803 944 1833 lius.
962 1821 1005 1825 —
1022 1802 1192 1833 Africani
1225 1802 1350 1833 fratris
1379 1812 1519 1842 nepos:

871 1847 913 1885 Q.
934 1846 1058 1877 Fabius
1085 1846 1264 1882 Maximus,
1289 1845 1461 1886 grandson
1487 1846 1523 1876 of

872 1891 913 1929 Q.
941 1891 1066 1921 Fabius
1100 1889 1270 1920 Maximus
1297 1889 1521 1924 Aemilianus,

869 1935 898 1965 is
930 1933 1076 1965 referred
1109 1939 1154 1964 to.
1218 1934 1368 1964 Because
1399 1933 1436 1963 of
1470 1933 1521 1964 his

149 1674 225 1702 divi.
235 1692 276 1694 —
284 1678 491 1707 versentur,
505 1684 563 1703 are
573 1673 705 1703 locatcd.
716 1691 758 1694 —-
770 1673 802 1702 is

151 1740 158 1746 .
186 1740 192 1746 .
221 1740 227 1746 .
254 1722 383 1756 putat:
413 1727 457 1747 sc.
487 1717 601 1754 I)lato;
631 1716 673 1746 cf.
700 1726 803 1746 20.—

150 1761 223 1790 iam
252 1761 469 1796 similitudo,
492 1766 574 1791 ete:
607 1761 640 1790 in
673 1770 803 1791 answer

151 1812 184 1833 ιω
219 1805 275 1835 the
307 1810 483 1844 argument
515 1806 582 1834 volt
615 1806 701 1834 enim
729 1828 735 1833 .
763 1827 768 1832 .
795 1829 800 1833 .

149 1853 314 1887 appareat,
344 1848 691 1888 79.—Arist0teles
723 1848 802 1888 qui-

150 1893 236 1922 dem
268 1893 331 1928 ait,
357 1894 524 1927 Aristode,
547 1893 610 1931 for
640 1893 800 1931 example,

150 1947 248 1967 sars:
277 1937 375 1965 Proh.
398 1936 511 1966 XXX.
536 1936 664 1973 Quaest.
692 1945 724 1973 1;
758 1935 800 1965 cf.

152 1981 233 2009 Seu.¹
261 1981 298 2009 de
333 1981 457 2019 Tmmq.
488 1989 534 2020 15.
570 1978 608 2009 16
629 1981 696 2009 sive
726 1980 801 2018 (cre-

149 2024 272 2062 dimus)
288 2024 468 2059 Aristoteli,
487 2025 620 2053 nullum
640 2033 798 2063 magnum

149 2069 320 2107 ingenium
346 2069 417 2097 sine
442 2069 594 2097 mixtura
621 2068 801 2098 dementiae

149 2112 248 2151 suit:
281 2112 353 2141 also
383 2112 467 2141 Gell.
498 2111 635 2141 XVIII.
665 2120 693 2149 7.
718 2120 801 2149 4.—

151 2164 210 2185 me
223 2156 441 2185 tardiorem:
456 2165 500 2186 sc.
510 2155 800 2195 anima—idque

221 2222 228 2229 .
255 2204 412 2235 constet,
437 2210 474 2229 as
500 2199 536 2239 if
552 2200 605 2229 tlze
618 2200 697 2239 fact
716 2209 802 2229 were

150 2244 396 2273 establishcd.—
406 2244 452 2273 ad
463 2244 634 2274 habitum
648 2243 800 2279 mentis,

151 2297 190 2314 (Ul
217 2287 270 2315 Νη*
295 2287 466 2316 clm-aster
488 2288 527 2327 (gf
545 2288 598 2317 the
624 2287 727 2320 mind,
753 2288 800 2316 122¹.

153 2330 181 2358 in
213 2330 435 2369 determining
464 2331 589 2360 mental
616 2331 802 2360 character-

151 2379 250 2403 istlcs.

870 1978 950 2009 base
963 1978 1137 2008 character
1149 1977 1192 2008 he
1205 1987 1273 2008 was
1287 1976 1405 2017 placed
1420 1976 1523 2008 under

870 2021 1053 2062 guardians
1076 2020 1262 2061 appointed
1281 2021 1324 2062 by
1341 2021 1398 2051 the
1415 2026 1520 2058 state;

869 2066 911 2097 cf.
930 2066 1003 2096 Val.
1026 2067 1115 2095 Max.
1136 2065 1201 2094 III.
1222 2073 1249 2106 5.
1269 2073 1296 2094 2.
1341 2064 1521 2095 Africanus

871 2110 984 2140 Minor
1011 2120 1078 2140 was
1110 2109 1167 2139 the
1195 2119 1258 2139 son
1287 2108 1324 2138 of
1355 2109 1521 2139 Aemilius

871 2154 996 2184 Paulus
1025 2153 1091 2184 and
1120 2162 1189 2183 was
1215 2152 1365 2192 adopted
1392 2151 1436 2194 by
1463 2152 1521 2183 the

869 2208 932 2228 son
970 2197 1007 2227 of
1043 2197 1224 2227 Africanus
1267 2196 1385 2226 Maior.
1447 2196 1520 2226 The

869 2241 1009 2272 brother
1037 2241 1073 2271 of
1101 2240 1281 2270 Africanus
1311 2240 1424 2269 Minor
1451 2250 1520 2270 was

869 2284 1017 2324 adopted
1049 2284 1091 2325 by
1117 2285 1160 2322 Q.
1187 2283 1312 2314 Fabius
1341 2283 1519 2313 Maximus.

869 2348 911 2351 -—
923 2329 1018 2358 facie
1033 2328 1091 2358 vel
1107 2328 1234 2368 patris,
1248 2328 1283 2357 in
1291 2328 1443 2367 features
1456 2327 1521 2357 like

870 2373 1056 2412 lzissatlzer,
1068 2373 1173 2412 ifyou
1187 2372 1266 2401 will.
1278 2389 1321 2393 —
1335 2371 1375 2400 P.
1390 2371 1518 2401 Crassi
