1674 2698
325 108 763 141 TVSCVLANARVM
804 108 1255 141 lMffl‘Y'l'A'l‘loNx'M
1296 111 1301 140 Ι
1448 121 1495 157 41

122 232 248 272 (lcum
275 232 414 282 ipsum
439 238 481 271 et
505 230 695 270 (livinum
720 231 908 270 animum
933 244 1111 283 corpore
1141 231 1362 271 liberatum
1395 235 1503 283 cogi-

124 303 286 343 tatione
324 302 551 354 complecti
592 316 831 354 possumus.
914 302 1207 343 Dicaearchus
1245 304 1413 356 quidem
1461 313 1501 344 et

124 375 424 421 Aristoxenus,
462 374 560 426 quia
592 373 774 414 difficilis
810 381 899 414 erat
943 373 1087 422 animi,
1128 374 1227 427 quid
1262 383 1332 415 aut
1368 377 1503 428 qualis

122 453 248 494 esset,
269 445 575 498 intellegentia,
594 446 756 485 nullum
778 446 954 485 omnino
969 446 1158 486 animum
1176 462 1271 487 csse
1289 447 1499 488 dixerunt.

125 519 202 558 list
221 518 321 558 illud
337 517 508 570 quidem
536 518 600 557 vel
622 518 852 557 maximum
871 518 1013 557 animo
1030 517 1120 569 ipso
1138 518 1326 558 animum
1348 519 1502 567 videre,
1530 533 1547 559 Γ,

122 596 163 629 et
199 589 398 629 nimirum
434 589 545 629 hanc
580 589 707 629 habet
740 589 824 628 vim
860 596 1137 641 praeceptum
1171 590 1385 643 Apollinis
1419 606 1502 643 quo

123 668 268 702 monet
319 668 364 701 ut
410 675 456 701 se
500 660 682 713 quisque
726 668 889 702 noscat.
959 662 1056 701 Non
1103 663 1229 710 enim,
1276 663 1416 710 credo,
1463 662 1501 701 id

121 732 326 785 praecipit
372 740 416 772 ut
461 733 656 773 membra
699 740 847 773 nostra
893 740 965 773 aut
1014 741 1223 774 staturam
1267 734 1503 786 figuramve

122 818 380 853 noscamus;
413 818 553 857 neque
580 819 659 844 nos
685 818 863 857 corpora
892 819 1051 852 sumus,
1079 819 1157 846 nec
1186 819 1266 858 ego
1295 805 1367 845 tibi
1397 807 1502 846 haec

121 875 268 917 (licens
297 875 463 928 corpori
491 882 566 915 tuo
593 875 701 916 dico.

121 948 202 988 hoe
246 947 375 988 dicit:

121 1020 291 1072 quidem
321 1020 441 1072 quasi
474 1033 548 1059 vas
583 1027 647 1059 est
680 1027 753 1059 aut
784 1019 955 1072 aliquod
985 1019 1116 1060 animi
1151 1020 1501 1072 receptaculum;

768 877 878 916 Cum
908 876 1037 929 igitur
1067 877 1260 916 ‘Nosce
1285 877 1358 916 te’
1385 877 1499 925 (licit,

427 948 619 987 ‘Nosce
666 947 887 987 animum
934 948 1103 988 tuum.'
1185 949 1297 987 Nam
1347 963 1500 1000 corpus

120 1091 174 1131 ab
207 1092 349 1131 animo
383 1098 458 1131 tuo
492 1091 694 1143 quicquid
729 1091 882 1143 agitur,
918 1091 959 1131 id
1004 1091 1145 1144 agitur
1178 1106 1202 1131 a
1245 1099 1301 1132 te.
1371 1093 1501 1131 IIune

121 1163 250 1215 igitur
286 1177 415 1203 nosse
445 1163 525 1202 nisi
556 1162 746 1203 (livinum
778 1170 906 1210 esset,
945 1177 1030 1202 non
1065 1170 1181 1204 esset
1216 1163 1295 1203 hoc
1328 1164 1501 1203 acrioris

122 1233 342 1274 cuiusdam
366 1233 497 1274 animi
520 1241 799 1286 praeceptum
823 1235 1033 1274 tributum
1059 1235 1156 1275 (leo.

183 1306 269 1347 Sed
303 1306 338 1346 si
371 1306 508 1359 qualis
543 1307 597 1346 sit
642 1305 811 1346 animus
856 1305 947 1358 ipse
990 1307 1157 1346 animus
1202 1307 1380 1355 nesciet,
1419 1307 1499 1354 dic,
1527 1319 1568 1349 ‚J

121 1391 292 1430 quaeso,
322 1391 377 1418 ne
403 1392 499 1418 esse
522 1377 695 1431 quidem
725 1392 770 1418 se
797 1377 917 1426 sciet,
947 1391 1001 1418 ne
1032 1379 1192 1418 moveri
1222 1378 1392 1430 quidem
1425 1379 1500 1418 se?

124 1450 188 1489 Ex
212 1463 296 1502 quo
320 1449 387 1489 illa
410 1449 519 1490 ratio
541 1456 642 1490 nata
665 1456 731 1490 est
757 1449 960 1498 Platonis,
986 1463 1096 1502 quae
1117 1464 1142 1490 a
1166 1450 1346 1490 Socrate
1369 1457 1435 1490 est
1460 1449 1501 1489 in

124 1521 315 1561 Phaedro
345 1521 565 1573 explicata,
598 1535 623 1561 a
650 1535 718 1561 me
745 1528 889 1561 autem
921 1520 1061 1574 posita
1088 1528 1154 1561 est
1178 1521 1220 1561 in
1245 1528 1367 1561 sexto
1395 1521 1502 1561 libro

119 1593 173 1633 de
197 1606 242 1633 re
276 1593 470 1644 publica:
508 1593 663 1646 ‘Quod
698 1606 869 1645 semper
901 1599 1112 1640 movetur,
1146 1600 1370 1633 aeternum
1408 1600 1502 1641 est;

120 1664 234 1717 quod
256 1671 400 1704 autern
424 1671 589 1704 motum
612 1665 752 1705 adfert
775 1664 916 1713 alicui,
934 1665 1134 1717 quodque
1158 1664 1298 1717 ipsum
1313 1665 1502 1717 agitatur

119 1736 301 1783 aliunde,
328 1737 498 1788 quando
523 1736 652 1777 finem
677 1737 805 1776 habet
825 1744 980 1783 motus,
1008 1735 1177 1776 vivendi
1197 1737 1325 1776 finem
1344 1735 1501 1776 habeat

121 1835 404 1873 24.—divinum
445 1836 636 1866 animum:
670 1835 712 1865 cf.
738 1836 777 1865 cle

119 1880 195 1909 Sen.
221 1888 259 1918 77
286 1884 333 1909 est
352 1881 440 1909 enim
470 1881 609 1910 animus
632 1880 775 1910 caelestis

120 1934 161 1953 ex
182 1924 346 1953 altissimo
368 1924 534 1954 domicilio
556 1924 727 1962 depressus
748 1928 779 1953 ct

120 1968 219 2007 quasi
248 1967 416 1997 demersus
440 1968 476 1997 in
506 1972 642 2002 terram,
668 1969 772 1997 locum

119 2011 255 2042 divinae
315 2015 457 2042 naturae
519 2013 776 2051 aeternitatique

119 2055 671 2086 contrarium.—Dicaearchus
698 2078 705 2085 .
733 2078 740 2085 .
767 2078 774 2086 .

121 2099 396 2130 Aristoxenus:
421 2110 478 2130 see
495 2109 532 2137 41
554 2110 586 2129 n.

163 2142 219 2173 52.
253 2143 482 2174 maximum:
500 2144 533 2174 in
551 2144 608 2174 the
624 2153 723 2175 sense
740 2143 777 2174 of

118 2188 369 2228 difficillimum.
381 2205 423 2209 —
433 2188 522 2225 virn,
558 2189 723 2228 meaning.
735 2206 778 2210 ——

120 2237 161 2262 ut
187 2255 195 2262 .
222 2255 230 2262 .
257 2255 264 2262 .
291 2237 444 2263 noscat:
464 2232 521 2262 the
545 2231 655 2262 words
674 2233 777 2262 Γνῶθι

120 2275 256 2306 σεαυτόν
286 2285 373 2306 were
405 2275 575 2307 inscribed
607 2286 688 2306 over
719 2276 776 2306 the

120 2324 278 2350 entrance
296 2324 330 2350 to
354 2320 412 2350 the
435 2320 560 2360 temple
581 2319 617 2349 of
641 2319 775 2359 Delphi.

118 2373 295 2404 -neque
322 2387 329 2394 .
357 2387 364 2394 .
391 2387 399 2394 .
426 2373 580 2394 sumus:
613 2363 654 2394 cf.
687 2365 775 2394 Som.

120 2408 208 2447 Sctp.
229 2407 266 2438 18
284 2418 377 2438 mens
398 2409 556 2448 cuiusque
575 2409 605 2438 is
626 2412 673 2438 est
691 2409 776 2448 quis-

843 1846 915 1875 que,
923 1846 988 1864 non
1000 1835 1159 1875 cafigura
1171 1846 1255 1875 quae
1263 1836 1364 1873 ‹ltgrz'to
1374 1836 1502 1864 [lemon-

843 1880 952 1909 strari
961 1884 1073 1918 polest.
1084 1879 1236 1909 —hunc
1249 1888 1255 1908 ε
1276 1889 1320 1908 sc.
1335 1880 1500 1908 animum.

844 1923 1089 1953 ——divinumz
1122 1922 1295 1962 predicate
1323 1922 1500 1961 adjective.

844 1967 1053 1998 —acrioris
1072 1990 1078 1996 .
1102 1990 1110 1997 .
1130 1990 1137 1997 .
1156 1967 1294 1997 animi:
1314 1967 1371 1996 the
1386 1966 1503 2007 saying

844 2021 912 2042 was
930 2010 1116 2042 attributed
1133 2016 1168 2041 to
1186 2021 1252 2040 one
1270 2010 1307 2040 of
1324 2011 1381 2040 the
1399 2020 1501 2040 seven

844 2055 923 2086 wise
949 2065 1036 2091 men,
1062 2060 1098 2085 to
1124 2055 1249 2085 Chilon
1275 2054 1311 2084 of
1336 2054 1502 2084 Lacedae-

845 2109 935 2135 mon,
955 2098 1024 2129 and
1044 2099 1117 2130 also
1140 2104 1176 2128 to
1201 2099 1326 2128 Thales
1349 2098 1386 2127 of
1412 2098 1502 2128 Mile-

844 2143 1066 2173 tus.—deo:
1093 2153 1150 2173 see
1169 2143 1250 2173 Crit.
1270 2143 1359 2182 App.

889 2187 943 2218 53.
970 2187 1076 2224 ratio,
1085 2191 1272 2226 argument.
1282 2186 1371 2216 —in
1382 2187 1503 2216 Phae—

846 2232 933 2262 dro:
969 2242 1001 2271 p.
1033 2239 1094 2272 245
1123 2240 1150 2260 c.
1168 2249 1211 2252 —
1229 2235 1336 2260 sexto
1355 2253 1363 2260 .
1382 2253 1390 2260 .
1410 2252 1418 2260 .
1437 2240 1503 2270 pu-

846 2276 964 2307 blica:
991 2276 1010 2305 i.
1019 2286 1043 2305 e.
1062 2275 1095 2304 in
1113 2276 1202 2305 Som.
1217 2276 1303 2313 Scip.
1323 2273 1436 2304 18-20.

890 2321 947 2354 23.
975 2319 1075 2359 quod
1093 2324 1221 2349 autem
1237 2341 1244 2348 .
1261 2341 1268 2348 .
1285 2341 1292 2348 .
1307 2319 1501 2358 quodque:

846 2363 1008 2403 referring
1039 2368 1075 2392 to
1108 2363 1165 2392 the
1198 2372 1291 2392 same
1319 2362 1443 2401 object.
1460 2380 1504 2384 —-

845 2408 1007 2448 quando,
1036 2407 1218 2437 whenever.
1235 2425 1277 2428 —
1294 2415 1503 2446 numquam

1551 535 1569 561 u
