1674 2698
296 119 735 152 TVSCVLANARVM
774 119 1225 151 DlSl‘VTA'l'IONVM
1265 120 1273 151 l
1420 118 1474 166 83

97 248 241 282 autem
285 255 424 294 genus
468 255 621 282 canum
663 241 764 281 illud
804 242 962 281 scimus
1007 254 1128 289 esse;
1174 242 1247 281 sed
1288 255 1362 293 pro
1403 256 1477 282 sua

98 313 279 366 quisque
308 313 514 354 facultate
547 320 664 365 parat
698 327 721 353 a
752 312 906 365 quibus
938 313 1132 360 lanietur,
1166 327 1345 365 eamque
1373 313 1477 365 opti-

99 398 210 425 mam
239 385 295 424 illi
320 399 414 426 esse
438 391 617 425 censent
644 385 920 437 sepulturam.
981 384 1197 424 Permulta
1220 383 1298 424 alia
1317 384 1475 437 colligit

100 457 378 511 ChrysippuS‚
417 463 463 496 ut
500 464 564 496 cst
602 457 641 495 in
680 455 796 496 omni
832 456 1010 496 historia
1045 457 1270 504 cui·iosus;
1310 457 1382 496 sed
1420 457 1478 497 ita

97 535 236 568 taetra
267 535 366 568 sunt
399 529 607 580 quaedam
642 535 687 568 ut
721 541 770 568 ea
804 527 940 580 fugiat
975 534 1015 567 ct
1051 528 1299 567 reformidet
1328 527 1475 568 oratio.

99 600 237 639 Totus
272 599 403 651 igitur
433 599 500 639 hic
531 600 649 639 locus
681 606 745 639 est
778 600 1123 639 contemnendus
1155 600 1194 638 in
1228 599 1360 646 nobis,
1392 613 1476 638 non

99 672 394 723 neglegendus
419 672 458 711 in
483 671 653 719 nostris,
681 671 737 711 ita
763 679 907 711 tamen
940 679 985 711 ut
1010 678 1276 710 mortuorum
1303 685 1477 723 corpora

99 742 203 782 nihil
235 742 394 782 sentire
426 742 508 782 vivi
542 742 792 783 sentiamus.
867 743 1089 795 Quantum
1124 750 1267 782 autem
1303 751 1556 782 consue-lusi

98 813 237 854 tudini
270 814 494 866 famaeque
527 814 715 854 dandum
748 814 812 861 sit,
848 813 887 854 id
919 821 1070 854 curent
1102 815 1197 862 vivi,
1231 814 1304 854 sed
1340 814 1398 854 ita
1431 821 1476 853 ut

100 885 349 938 intellegant
383 885 485 925 nihil
516 886 556 925 id
588 886 639 926 ad
672 893 866 926 mortuos
895 886 1123 938 pertinere.

163 958 248 998 Sed
287 957 482 1009 profecto
515 972 630 997 mors
665 965 755 997 tum
795 957 1054 1010 aequissimo
1086 957 1229 998 animo
1262 958 1478 1010 oppetitur

100 1042 197 1069 cum
242 1029 329 1069 suis
373 1042 419 1069 se
463 1029 657 1069 laudibus
702 1030 789 1069 vita
832 1028 1031 1069 occidens
1072 1028 1280 1069 consolari
1318 1036 1475 1081 potest.

102 1101 243 1140 Nemo
277 1114 427 1152 parum
464 1100 535 1140 diu
571 1098 672 1140 vixit
712 1101 782 1153 qui
822 1100 992 1140 virtutis
1030 1101 1250 1152 perfectae
1285 1101 1478 1153 perfecto

100 1172 276 1212 functus
308 1180 373 1212 est
403 1186 591 1213 munere.
660 1173 799 1214 Multa
833 1172 936 1212 mihi
968 1172 1047 1224 ipsi
1081 1173 1132 1212 ad
1163 1179 1343 1212 mortem
1376 1179 1478 1212 tem-

1361 1243 1479 1282 Nihil

100 1316 213 1355 enim
258 1316 340 1355 iam
383 1315 697 1367 acquirebatur,
744 1315 960 1355 cumulata
1004 1322 1125 1355 erant
1169 1314 1307 1354 officia
1350 1314 1476 1362 vitae,

101 1400 197 1426 cum
248 1387 421 1426 fortuna
472 1387 583 1426 bella
635 1387 868 1427 restabant.

99 1244 265 1296 pestiva
300 1244 488 1291 fuerunt,
527 1258 636 1296 quae
673 1243 835 1284 utinam
873 1243 1109 1296 potuissem
1147 1243 1289 1284 obire!

951 1387 1097 1439 Quare
1147 1386 1181 1426 si
1232 1387 1323 1442 ipsa
1372 1386 1479 1426 ratio

100 1458 241 1497 minus
295 1459 487 1510 perficiet
543 1465 588 1498 ut
643 1465 826 1498 mortem
881 1458 1111 1510 neglegere
1159 1457 1385 1510 possimus,
1435 1465 1478 1497 at

100 1528 187 1569 vita
220 1536 317 1569 acta
353 1530 545 1581 perficiat
581 1536 627 1569 ut
662 1530 765 1569 satis
802 1542 1016 1582 superque
1052 1529 1208 1569 vixisse
1247 1529 1475 1569 videamur.

102 1622 317 1660 Hyrcania:
345 1632 387 1652 on
405 1621 462 1652 the
479 1622 580 1652 south
601 1622 702 1652 shore
720 1622 756 1652 of

101 1666 157 1696 the
184 1666 333 1706 Caspian
362 1666 754 1696 Sea.—domesticos:

101 1711 154 1740 ete.
170 1710 224 1739 for
242 1710 371 1750 private
391 1719 589 1750 use.-—pro
604 1720 671 1740 sua
692 1733 698 1739 .
719 1733 726 1739 .
747 1733 754 1740 .

101 1754 293 1791 facultate,
311 1754 491 1793 according
509 1759 539 1784 to
556 1755 610 1783 leis
630 1765 754 1784 mcaems.

100 1816 141 1819 —
160 1807 180 1828 a
220 1798 358 1838 quibus
397 1798 580 1829 lanietur:
621 1798 662 1828 cf.
698 1798 754 1827 Sil.

103 1842 205 1871 XIII.
232 1851 294 1882 473
319 1841 353 1872 ff.

101 1890 199 1927 Regia
220 1901 289 1918 cum
305 1891 402 1918 larem
416 1894 593 1928 posuerunt
608 1891 754 1925 membra,

148 1962 152 1965 .
171 1929 340 1966 probatam
356 1933 399 1956 cst

102 1966 265 2002 Hyrcanis
280 1967 424 1994 adhibcrc
439 1977 539 1995 [mles.

101 2018 417 2058 —Chrysippus:
444 2028 464 2048 a
490 2018 584 2048 Stoic
608 2018 755 2058 philoso-

101 2061 185 2101 pher
207 2062 244 2091 of
269 2061 339 2091 Soli
362 2062 395 2091 in
421 2062 539 2092 Cilicia
563 2062 652 2101 (circ.
673 2062 756 2092 280-

103 2105 166 2135 206
191 2106 281 2145 Be).
331 2106 386 2136 He
414 2106 537 2136 settled
561 2107 596 2136 in
623 2106 756 2137 Athens

102 2149 170 2179 and
187 2149 328 2180 became
346 2149 402 2180 the
420 2149 560 2190 disciple
577 2150 615 2180 of
638 2151 756 2181 Clean-

101 2193 186 2229 thes,
220 2193 277 2223 the
309 2203 486 2224 successor
522 2193 559 2224 of
594 2195 695 2224 Zeno.
714 2212 755 2215 ——

101 2237 271 2274 historia,
295 2239 442 2278 inquiry,
463 2239 756 2277 investzgration.—

101 2281 220 2319 locus,
253 2283 347 2321 topic,
372 2283 425 2311 tle.
451 2281 570 2312 burial.
588 2300 630 2303 ——
647 2282 694 2317 in,
719 2283 755 2311 in

101 2325 154 2355 the
171 2336 242 2356 case
263 2326 361 2366 of.——
374 2325 412 2356 in
436 2326 597 2356 nostris:
623 2327 644 2355 i.
653 2337 676 2355 e.
695 2330 755 2355 out

102 2369 139 2398 of
158 2375 288 2409 respect
304 2369 359 2400 for
375 2370 462 2400 their
478 2379 637 2410 memory.
649 2388 691 2391 —
704 2370 754 2399 ita

106 2437 111 2442 .
133 2437 139 2443 .
160 2437 166 2443 .
186 2414 418 2445 sentiamus:
445 2424 500 2444 see
521 2414 599 2443 Crit.
620 2414 707 2453 App.

871 1621 948 1652 109.
978 1622 1156 1658 dandum,
1169 1623 1332 1652 conasdcd.
1344 1641 1387 1644 —
1398 1622 1479 1653 suis

828 1689 834 1696 .
856 1690 862 1696 .
884 1689 890 1695 .
909 1666 1095 1702 laudibus,
1112 1667 1191 1696 with
1212 1668 1252 1695 its
1266 1677 1338 1695 own
1354 1668 1478 1696 merz'ts.

826 1710 955 1740 —vita
973 1710 1172 1741 occidens:
1198 1710 1239 1740 cf.
1257 1710 1314 1740 the
1335 1710 1478 1750 English

826 1754 913 1784 “the
944 1754 1086 1794 evening
1118 1754 1155 1783 of
1186 1753 1275 1784 life.''
1289 1772 1330 1776 —
1345 1763 1478 1794 parum

826 1799 900 1834 diu,
919 1803 967 1827 tao
983 1799 1077 1828 short
1094 1809 1113 1828 a
1134 1800 1221 1828 time.
1234 1799 1478 1838 ——perfectae

825 1842 1015 1882 perfecto:
1041 1848 1120 1872 note
1142 1842 1198 1872 the
1221 1842 1478 1882 juxtaposition.

825 1905 867 1908 —
880 1887 998 1917 multa
1018 1909 1025 1916 .
1045 1909 1053 1915 .
1073 1909 1080 1915 .
1099 1886 1271 1917 fuerunt:
1298 1887 1352 1916 tle.
1378 1896 1480 1926 many

826 1930 940 1970 things
964 1930 1029 1960 had
1054 1930 1235 1970 happened
1253 1930 1360 1960 which
1380 1930 1479 1960 made

825 1974 927 2004 death
954 1984 1045 2004 seem
1071 1974 1237 2004 desirable
1264 1974 1319 2004 for
1346 1973 1480 2010 him,—

825 2018 882 2048 the
899 2018 1001 2048 death
1021 2018 1057 2048 of
1075 2018 1195 2053 Tullia,
1214 2018 1264 2048 his
1281 2018 1351 2048 loss
1369 2018 1406 2048 of
1424 2028 1480 2058 po-

824 2063 927 2092 litical
948 2063 1124 2096 influence,
1142 2062 1208 2092 and
1230 2062 1286 2092 the
1307 2062 1382 2092 civil
1403 2072 1477 2092 war.

824 2107 993 2143 —obire,
1021 2112 1051 2136 lo
1075 2107 1148 2136 falce
1171 2107 1358 2146 advantage
1382 2107 1479 2147 of.—

825 2151 1016 2181 cumulata
1037 2173 1044 2180 .
1065 2173 1072 2180 .
1092 2173 1099 2180 .
1118 2150 1246 2180 officia
1261 2159 1268 2179 :
1283 2152 1303 2179 1'.
1315 2161 1340 2180 e.
1355 2150 1396 2180 he
1411 2150 1477 2180 had

823 2194 967 2224 fulfilled
985 2195 1036 2224 his
1055 2193 1164 2224 duties
1182 2204 1218 2223 as
1237 2203 1256 2223 a
1274 2194 1391 2224 citizen
1410 2193 1478 2224 and

824 2238 892 2268 had
910 2238 987 2268 held
1008 2238 1065 2268 the
1083 2238 1216 2277 highest
1240 2237 1352 2268 offices
1370 2238 1402 2267 in
1421 2237 1478 2268 the

823 2282 885 2321 gift
910 2282 947 2311 of
971 2282 1027 2311 the
1055 2282 1381 2321 Republic.—cum
1407 2282 1479 2312 for-

823 2331 915 2356 tuna
936 2326 1208 2365 bella,=ae·‹⁷1(fll'‹⁴ts
1230 2326 1309 2356 with
1324 2326 1476 2366 fortune.

823 2387 864 2391 —
877 2370 1002 2400 minus
1017 2370 1184 2409 perficiet
1201 2393 1207 2399 .
1225 2393 1231 2399 .
1249 2393 1255 2398 .
1270 2370 1476 2409 possimus,

822 2414 994 2451 slmllfail
1004 2418 1032 2442 tu
1046 2415 1158 2443 enable
1171 2424 1217 2442 ns.
1228 2418 1327 2448 —at,
1338 2418 1375 2442 at
1385 2414 1476 2443 least.
