<?xml version="1.0" encoding="UTF-8"?>
<!DOCTYPE html PUBLIC "-//W3C//DTD XHTML 1.0 Transitional//EN"
    "http://www.w3.org/TR/xhtml1/DTD/xhtml1-transitional.dtd">
<html xmlns="http://www.w3.org/1999/xhtml" xml:lang="en" lang="en">
 <head>
  <title>
</title>
<meta http-equiv="Content-Type" content="text/html;charset=utf-8" />
  <meta name='ocr-system' content='tesseract 3.04.00' />
  <meta name='ocr-capabilities' content='ocr_page ocr_carea ocr_par ocr_line ocrx_word'/>
</head>
<body>
  <div class='ocr_page' id='page_1' title='image "./tusculanarumd00ciceuoft_0139.png"; bbox 0 0 1674 2698; ppageno 0'>
   <div class='ocr_carea' id='block_1_1' title="bbox 299 124 1469 173">
    <p class='ocr_par' dir='ltr' id='par_1_1' title="bbox 299 124 1469 173">
     <span class='ocr_line' id='line_1_1' title="bbox 299 124 1469 173; baseline 0.003 -17"><span class='ocrx_word' id='word_1_1' title='bbox 299 124 739 156; x_wconf 66' lang='lat' dir='ltr'>&#39;svsc‘VLANARx&#39;ixl</span> <span class='ocrx_word' id='word_1_2' title='bbox 778 125 1065 158; x_wconf 67' lang='lat' dir='ltr'>Disr&#39;V&#39;l&#39;A&#39;sl</span> <span class='ocrx_word' id='word_1_3' title='bbox 1078 132 1085 155; x_wconf 70' lang='lat'><strong>(</strong></span> <span class='ocrx_word' id='word_1_4' title='bbox 1100 127 1145 157; x_wconf 59' lang='lat' dir='ltr'>jN</span> <span class='ocrx_word' id='word_1_5' title='bbox 1161 128 1183 158; x_wconf 56' lang='grc' dir='ltr'>Υ</span> <span class='ocrx_word' id='word_1_6' title='bbox 1197 128 1232 158; x_wconf 76' lang='grc' dir='ltr'>Μ</span> <span class='ocrx_word' id='word_1_7' title='bbox 1269 128 1277 158; x_wconf 90' lang='lat'><em>1</em></span> <span class='ocrx_word' id='word_1_8' title='bbox 1422 136 1469 173; x_wconf 78' lang='lat'>‹)1</span> 
     </span>
    </p>
   </div>
   <div class='ocr_carea' id='block_1_2' title="bbox 99 246 1478 370">
    <p class='ocr_par' dir='ltr' id='par_1_2' title="bbox 99 246 1478 370">
     <span class='ocr_line' id='line_1_2' title="bbox 99 246 1478 300; baseline 0.002 -14"><span class='ocrx_word' id='word_1_9' title='bbox 99 260 250 287; x_wconf 91' lang='lat' dir='ltr'>somno</span> <span class='ocrx_word' id='word_1_10' title='bbox 274 246 487 299; x_wconf 80' lang='lat' dir='ltr'>consopiri</span> <span class='ocrx_word' id='word_1_11' title='bbox 511 246 804 298; x_wconf 80' lang='lat' dir='ltr'>sempiterno?</span> <span class='ocrx_word' id='word_1_12' title='bbox 861 248 987 300; x_wconf 73' lang='lat' dir='ltr'>Quod</span> <span class='ocrx_word' id='word_1_13' title='bbox 1013 249 1047 287; x_wconf 86' lang='lat' dir='ltr'>si</span> <span class='ocrx_word' id='word_1_14' title='bbox 1072 249 1154 296; x_wconf 79' lang='lat' dir='ltr'>fiat,</span> <span class='ocrx_word' id='word_1_15' title='bbox 1182 249 1329 289; x_wconf 80' lang='lat' dir='ltr'>melior</span> <span class='ocrx_word' id='word_1_16' title='bbox 1354 250 1478 289; x_wconf 65' lang='lat' dir='ltr'>linnii</span> 
     </span>
     <span class='ocr_line' id='line_1_3' title="bbox 99 318 1055 370; baseline 0.002 -13"><span class='ocrx_word' id='word_1_17' title='bbox 99 332 225 370; x_wconf 88' lang='lat' dir='ltr'>quam</span> <span class='ocrx_word' id='word_1_18' title='bbox 252 318 421 359; x_wconf 77' lang='lat' dir='ltr'>Solonis</span> <span class='ocrx_word' id='word_1_19' title='bbox 446 318 591 358; x_wconf 85' lang='lat' dir='ltr'>oratio.</span> <span class='ocrx_word' id='word_1_20' title='bbox 662 318 747 358; x_wconf 87' lang='lat' dir='ltr'>Hic</span> <span class='ocrx_word' id='word_1_21' title='bbox 771 318 883 359; x_wconf 83' lang='lat' dir='ltr'>enim</span> <span class='ocrx_word' id='word_1_22' title='bbox 909 326 1055 359; x_wconf 83' lang='lat' dir='ltr'>noster</span> 
     </span>
    </p>
   </div>
   <div class='ocr_carea' id='block_1_3' title="bbox 155 409 1479 459">
    <p class='ocr_par' dir='ltr' id='par_1_3' title="bbox 155 409 1479 459">
     <span class='ocr_line' id='line_1_4' title="bbox 155 409 1479 459; baseline 0.003 -14"><span class='ocrx_word' id='word_1_23' title='bbox 155 410 304 446; x_wconf 91' lang='lat' dir='ltr'>Nemo</span> <span class='ocrx_word' id='word_1_24' title='bbox 345 422 414 446; x_wconf 92' lang='lat' dir='ltr'>me</span> <span class='ocrx_word' id='word_1_25' title='bbox 455 409 679 446; x_wconf 80' lang='lat' dir='ltr'>lacrimis</span> <span class='ocrx_word' id='word_1_26' title='bbox 721 409 926 447; x_wconf 81' lang='lat' dir='ltr'>decoret</span> <span class='ocrx_word' id='word_1_27' title='bbox 980 410 1124 459; x_wconf 88' lang='lat' dir='ltr'>inquit,</span> <span class='ocrx_word' id='word_1_28' title='bbox 1169 424 1256 449; x_wconf 92' lang='lat' dir='ltr'>nec</span> <span class='ocrx_word' id='word_1_29' title='bbox 1302 413 1479 449; x_wconf 81' lang='lat' dir='ltr'>funera</span> 
     </span>
    </p>
   </div>
   <div class='ocr_carea' id='block_1_4' title="bbox 211 478 1369 568">
    <p class='ocr_par' dir='ltr' id='par_1_4' title="bbox 211 478 1369 568">
     <span class='ocr_line' id='line_1_5' title="bbox 1243 478 1278 514; baseline 0 0"><span class='ocrx_word' id='word_1_30' title='bbox 1243 478 1278 514; x_wconf 77' lang='lat' dir='ltr'>fl</span> 
     </span>
     <span class='ocr_line' id='line_1_6' title="bbox 211 485 1369 568; baseline 0.002 -1"><span class='ocrx_word' id='word_1_31' title='bbox 211 531 381 568; x_wconf 79' lang='lat' dir='ltr'>Faxit!</span> <span class='ocrx_word' id='word_1_32' title='bbox 1288 485 1369 515; x_wconf 46' lang='grc' dir='ltr'>εἷα</span> 
     </span>
    </p>
   </div>
   <div class='ocr_carea' id='block_1_5' title="bbox 100 597 1481 713">
    <p class='ocr_par' dir='ltr' id='par_1_5' title="bbox 100 597 1481 713">
     <span class='ocr_line' id='line_1_7' title="bbox 100 597 596 646; baseline 0 -12"><span class='ocrx_word' id='word_1_33' title='bbox 100 598 154 634; x_wconf 75' lang='lat' dir='ltr'>At</span> <span class='ocrx_word' id='word_1_34' title='bbox 186 610 280 634; x_wconf 92' lang='lat' dir='ltr'>vero</span> <span class='ocrx_word' id='word_1_35' title='bbox 314 597 379 634; x_wconf 91' lang='lat' dir='ltr'>ille</span> <span class='ocrx_word' id='word_1_36' title='bbox 409 598 596 646; x_wconf 85' lang='lat' dir='ltr'>sapiens:</span> 
     </span>
     <span class='ocr_line' id='line_1_8' title="bbox 101 664 1481 713; baseline 0.002 -14"><span class='ocrx_word' id='word_1_37' title='bbox 101 665 235 700; x_wconf 85' lang='lat' dir='ltr'>Mors</span> <span class='ocrx_word' id='word_1_38' title='bbox 268 676 369 700; x_wconf 85' lang='lat' dir='ltr'>mea</span> <span class='ocrx_word' id='word_1_39' title='bbox 403 676 460 701; x_wconf 90' lang='lat' dir='ltr'>ne</span> <span class='ocrx_word' id='word_1_40' title='bbox 493 670 665 701; x_wconf 84' lang='lat' dir='ltr'>careat</span> <span class='ocrx_word' id='word_1_41' title='bbox 698 664 951 711; x_wconf 73' lang='lat' dir='ltr'>lacrimi53</span> <span class='ocrx_word' id='word_1_42' title='bbox 983 665 1270 713; x_wconf 71' lang='lat' dir='ltr'>linquamus</span> <span class='ocrx_word' id='word_1_43' title='bbox 1304 666 1481 703; x_wconf 85' lang='lat' dir='ltr'>amicis</span> 
     </span>
    </p>
   </div>
   <div class='ocr_carea' id='block_1_6' title="bbox 155 730 1477 781">
    <p class='ocr_par' dir='ltr' id='par_1_6' title="bbox 155 730 1477 781">
     <span class='ocr_line' id='line_1_9' title="bbox 155 730 1477 781; baseline 0.003 -15"><span class='ocrx_word' id='word_1_44' title='bbox 155 731 432 767; x_wconf 85' lang='lat' dir='ltr'>Maerorem</span> <span class='ocrx_word' id='word_1_45' title='bbox 484 736 534 767; x_wconf 89' lang='lat' dir='ltr'>ut</span> <span class='ocrx_word' id='word_1_46' title='bbox 585 730 850 768; x_wconf 88' lang='lat' dir='ltr'>celebrent</span> <span class='ocrx_word' id='word_1_47' title='bbox 902 732 1080 768; x_wconf 79' lang='lat' dir='ltr'>funera</span> <span class='ocrx_word' id='word_1_48' title='bbox 1124 744 1228 769; x_wconf 89' lang='lat' dir='ltr'>cum</span> <span class='ocrx_word' id='word_1_49' title='bbox 1278 733 1477 781; x_wconf 80' lang='lat' dir='ltr'>gemitu.</span> 
     </span>
    </p>
   </div>
   <div class='ocr_carea' id='block_1_7' title="bbox 97 817 1558 1725">
    <p class='ocr_par' dir='ltr' id='par_1_7' title="bbox 97 817 1558 1725">
     <span class='ocr_line' id='line_1_10' title="bbox 101 817 1558 870; baseline 0.003 -13"><span class='ocrx_word' id='word_1_50' title='bbox 101 818 192 858; x_wconf 92' lang='lat' dir='ltr'>Nos</span> <span class='ocrx_word' id='word_1_51' title='bbox 224 831 335 866; x_wconf 88' lang='lat' dir='ltr'>vero,</span> <span class='ocrx_word' id='word_1_52' title='bbox 369 819 404 858; x_wconf 91' lang='lat' dir='ltr'>si</span> <span class='ocrx_word' id='word_1_53' title='bbox 433 817 534 870; x_wconf 87' lang='lat' dir='ltr'>quid</span> <span class='ocrx_word' id='word_1_54' title='bbox 565 819 651 858; x_wconf 83' lang='lat' dir='ltr'>talc</span> <span class='ocrx_word' id='word_1_55' title='bbox 683 818 898 866; x_wconf 85' lang='lat' dir='ltr'>acciderit,</span> <span class='ocrx_word' id='word_1_56' title='bbox 935 827 978 859; x_wconf 86' lang='lat' dir='ltr'>ut</span> <span class='ocrx_word' id='word_1_57' title='bbox 1014 834 1038 859; x_wconf 87' lang='lat' dir='ltr'>a</span> <span class='ocrx_word' id='word_1_58' title='bbox 1067 820 1148 860; x_wconf 83' lang='lat' dir='ltr'>deo</span> <span class='ocrx_word' id='word_1_59' title='bbox 1178 820 1479 861; x_wconf 85' lang='lat' dir='ltr'>denuntiatum</span> <span class='ocrx_word' id='word_1_60' title='bbox 1499 832 1558 861; x_wconf 66' lang='lat'>118</span> 
     </span>
     <span class='ocr_line' id='line_1_11' title="bbox 97 889 1481 945; baseline 0.002 -16"><span class='ocrx_word' id='word_1_61' title='bbox 97 889 291 930; x_wconf 82' lang='lat' dir='ltr'>videatur</span> <span class='ocrx_word' id='word_1_62' title='bbox 335 897 379 930; x_wconf 88' lang='lat' dir='ltr'>ut</span> <span class='ocrx_word' id='word_1_63' title='bbox 426 904 627 930; x_wconf 78' lang='lat' dir='ltr'>exeamus</span> <span class='ocrx_word' id='word_1_64' title='bbox 667 904 690 930; x_wconf 88' lang='grc'>6</span> <span class='ocrx_word' id='word_1_65' title='bbox 728 891 825 938; x_wconf 82' lang='lat' dir='ltr'>vita,</span> <span class='ocrx_word' id='word_1_66' title='bbox 867 891 965 931; x_wconf 86' lang='lat' dir='ltr'>lacti</span> <span class='ocrx_word' id='word_1_67' title='bbox 1011 898 1051 931; x_wconf 85' lang='lat' dir='ltr'>et</span> <span class='ocrx_word' id='word_1_68' title='bbox 1096 899 1276 944; x_wconf 81' lang='lat' dir='ltr'>agentes</span> <span class='ocrx_word' id='word_1_69' title='bbox 1321 892 1481 945; x_wconf 77' lang='lat' dir='ltr'>gratias</span> 
     </span>
     <span class='ocr_line' id='line_1_12' title="bbox 99 962 1481 1013; baseline 0.003 -13"><span class='ocrx_word' id='word_1_70' title='bbox 99 975 323 1013; x_wconf 83' lang='lat' dir='ltr'>pareamus</span> <span class='ocrx_word' id='word_1_71' title='bbox 373 962 598 1013; x_wconf 80' lang='lat' dir='ltr'>emittique</span> <span class='ocrx_word' id='word_1_72' title='bbox 643 975 720 1002; x_wconf 91' lang='lat' dir='ltr'>nos</span> <span class='ocrx_word' id='word_1_73' title='bbox 765 976 788 1002; x_wconf 87' lang='lat' dir='ltr'>c</span> <span class='ocrx_word' id='word_1_74' title='bbox 832 962 1027 1003; x_wconf 88' lang='lat' dir='ltr'>custodia</span> <span class='ocrx_word' id='word_1_75' title='bbox 1071 971 1113 1003; x_wconf 91' lang='lat' dir='ltr'>ct</span> <span class='ocrx_word' id='word_1_76' title='bbox 1158 963 1287 1004; x_wconf 84' lang='lat' dir='ltr'>levari</span> <span class='ocrx_word' id='word_1_77' title='bbox 1332 964 1481 1004; x_wconf 89' lang='lat' dir='ltr'>vinclis</span> 
     </span>
     <span class='ocr_line' id='line_1_13' title="bbox 97 1032 1479 1090; baseline 0.003 -19"><span class='ocrx_word' id='word_1_78' title='bbox 97 1032 365 1081; x_wconf 76' lang='lat' dir='ltr'>arbitremur,</span> <span class='ocrx_word' id='word_1_79' title='bbox 412 1040 458 1073; x_wconf 87' lang='lat' dir='ltr'>ut</span> <span class='ocrx_word' id='word_1_80' title='bbox 503 1039 575 1073; x_wconf 87' lang='lat' dir='ltr'>aut</span> <span class='ocrx_word' id='word_1_81' title='bbox 622 1033 663 1090; x_wconf 86' lang='lat' dir='ltr'>in</span> <span class='ocrx_word' id='word_1_82' title='bbox 686 1040 907 1073; x_wconf 75' lang='lat' dir='ltr'>aeternam</span> <span class='ocrx_word' id='word_1_83' title='bbox 953 1041 995 1074; x_wconf 84' lang='grc'>61</span> <span class='ocrx_word' id='word_1_84' title='bbox 1038 1035 1164 1086; x_wconf 87' lang='lat' dir='ltr'>plane</span> <span class='ocrx_word' id='word_1_85' title='bbox 1209 1036 1249 1074; x_wconf 94' lang='lat' dir='ltr'>in</span> <span class='ocrx_word' id='word_1_86' title='bbox 1289 1042 1479 1075; x_wconf 81' lang='lat' dir='ltr'>nostram</span> 
     </span>
     <span class='ocr_line' id='line_1_14' title="bbox 98 1105 1481 1159; baseline 0.001 -14"><span class='ocrx_word' id='word_1_87' title='bbox 98 1105 271 1145; x_wconf 87' lang='lat' dir='ltr'>domum</span> <span class='ocrx_word' id='word_1_88' title='bbox 309 1106 592 1157; x_wconf 78' lang='lat' dir='ltr'>remigremus</span> <span class='ocrx_word' id='word_1_89' title='bbox 627 1112 701 1144; x_wconf 87' lang='lat' dir='ltr'>aut</span> <span class='ocrx_word' id='word_1_90' title='bbox 739 1105 854 1145; x_wconf 91' lang='lat' dir='ltr'>omni</span> <span class='ocrx_word' id='word_1_91' title='bbox 889 1119 1020 1145; x_wconf 89' lang='lat' dir='ltr'>sensu</span> <span class='ocrx_word' id='word_1_92' title='bbox 1055 1106 1337 1159; x_wconf 76' lang='lat' dir='ltr'>molestiaque</span> <span class='ocrx_word' id='word_1_93' title='bbox 1371 1121 1481 1147; x_wconf 89' lang='lat' dir='ltr'>care-</span> 
     </span>
     <span class='ocr_line' id='line_1_15' title="bbox 98 1176 1481 1225; baseline 0.001 -9"><span class='ocrx_word' id='word_1_94' title='bbox 98 1190 249 1225; x_wconf 87' lang='lat' dir='ltr'>amus;</span> <span class='ocrx_word' id='word_1_95' title='bbox 283 1176 347 1217; x_wconf 89' lang='lat' dir='ltr'>sin</span> <span class='ocrx_word' id='word_1_96' title='bbox 382 1184 526 1216; x_wconf 83' lang='lat' dir='ltr'>autem</span> <span class='ocrx_word' id='word_1_97' title='bbox 563 1176 666 1216; x_wconf 88' lang='lat' dir='ltr'>nihil</span> <span class='ocrx_word' id='word_1_98' title='bbox 702 1177 1041 1225; x_wconf 77' lang='lat' dir='ltr'>denuntiabitur,</span> <span class='ocrx_word' id='word_1_99' title='bbox 1079 1192 1130 1218; x_wconf 91' lang='lat' dir='ltr'>eo</span> <span class='ocrx_word' id='word_1_100' title='bbox 1166 1185 1310 1218; x_wconf 85' lang='lat' dir='ltr'>tamen</span> <span class='ocrx_word' id='word_1_101' title='bbox 1347 1178 1481 1218; x_wconf 88' lang='lat' dir='ltr'>simus</span> 
     </span>
     <span class='ocr_line' id='line_1_16' title="bbox 97 1247 1480 1296; baseline 0.002 -9"><span class='ocrx_word' id='word_1_102' title='bbox 97 1247 253 1296; x_wconf 82' lang='lat' dir='ltr'>animo,</span> <span class='ocrx_word' id='word_1_103' title='bbox 294 1255 339 1288; x_wconf 89' lang='lat' dir='ltr'>ut</span> <span class='ocrx_word' id='word_1_104' title='bbox 379 1248 626 1288; x_wconf 85' lang='lat' dir='ltr'>horribilem</span> <span class='ocrx_word' id='word_1_105' title='bbox 667 1248 785 1288; x_wconf 89' lang='lat' dir='ltr'>illum</span> <span class='ocrx_word' id='word_1_106' title='bbox 824 1249 936 1289; x_wconf 90' lang='lat' dir='ltr'>diem</span> <span class='ocrx_word' id='word_1_107' title='bbox 975 1249 1079 1296; x_wconf 87' lang='lat' dir='ltr'>aliis,</span> <span class='ocrx_word' id='word_1_108' title='bbox 1121 1249 1245 1289; x_wconf 91' lang='lat' dir='ltr'>nobis</span> <span class='ocrx_word' id='word_1_109' title='bbox 1288 1250 1480 1290; x_wconf 80' lang='lat' dir='ltr'>faustum</span> 
     </span>
     <span class='ocr_line' id='line_1_17' title="bbox 98 1319 1480 1373; baseline 0.002 -14"><span class='ocrx_word' id='word_1_110' title='bbox 98 1327 301 1372; x_wconf 84' lang='lat' dir='ltr'>putemus</span> <span class='ocrx_word' id='word_1_111' title='bbox 334 1319 524 1372; x_wconf 87' lang='lat' dir='ltr'>nihilque</span> <span class='ocrx_word' id='word_1_112' title='bbox 558 1320 598 1359; x_wconf 95' lang='lat' dir='ltr'>in</span> <span class='ocrx_word' id='word_1_113' title='bbox 631 1321 753 1360; x_wconf 86' lang='lat' dir='ltr'>malis</span> <span class='ocrx_word' id='word_1_114' title='bbox 783 1321 1005 1369; x_wconf 88' lang='lat' dir='ltr'>ducamus,</span> <span class='ocrx_word' id='word_1_115' title='bbox 1039 1322 1153 1373; x_wconf 93' lang='lat' dir='ltr'>quod</span> <span class='ocrx_word' id='word_1_116' title='bbox 1183 1322 1235 1361; x_wconf 86' lang='lat' dir='ltr'>sit</span> <span class='ocrx_word' id='word_1_117' title='bbox 1268 1322 1333 1362; x_wconf 84' lang='lat' dir='ltr'>vel</span> <span class='ocrx_word' id='word_1_118' title='bbox 1362 1336 1386 1362; x_wconf 89' lang='lat' dir='ltr'>a</span> <span class='ocrx_word' id='word_1_119' title='bbox 1416 1322 1480 1362; x_wconf 89' lang='lat' dir='ltr'>dis</span> 
     </span>
     <span class='ocr_line' id='line_1_18' title="bbox 99 1391 1479 1444; baseline 0.001 -13"><span class='ocrx_word' id='word_1_120' title='bbox 99 1391 411 1431; x_wconf 80' lang='lat' dir='ltr'>immortalibus</span> <span class='ocrx_word' id='word_1_121' title='bbox 430 1391 496 1432; x_wconf 85' lang='lat' dir='ltr'>vel</span> <span class='ocrx_word' id='word_1_122' title='bbox 518 1405 542 1431; x_wconf 91' lang='lat' dir='ltr'>a</span> <span class='ocrx_word' id='word_1_123' title='bbox 565 1398 730 1440; x_wconf 83' lang='lat' dir='ltr'>natura,</span> <span class='ocrx_word' id='word_1_124' title='bbox 752 1399 931 1444; x_wconf 88' lang='lat' dir='ltr'>parente</span> <span class='ocrx_word' id='word_1_125' title='bbox 954 1392 1158 1440; x_wconf 91' lang='lat' dir='ltr'>omnium,</span> <span class='ocrx_word' id='word_1_126' title='bbox 1180 1392 1479 1444; x_wconf 82' lang='lat' dir='ltr'>constitutum.</span> 
     </span>
     <span class='ocr_line' id='line_1_19' title="bbox 100 1463 1478 1513; baseline 0.001 -11"><span class='ocrx_word' id='word_1_127' title='bbox 100 1463 201 1503; x_wconf 92' lang='lat' dir='ltr'>Non</span> <span class='ocrx_word' id='word_1_128' title='bbox 241 1463 354 1503; x_wconf 91' lang='lat' dir='ltr'>enim</span> <span class='ocrx_word' id='word_1_129' title='bbox 393 1469 559 1503; x_wconf 89' lang='grc'><strong>16111616</strong></span> <span class='ocrx_word' id='word_1_130' title='bbox 600 1477 681 1503; x_wconf 87' lang='grc'><strong>1166</strong></span> <span class='ocrx_word' id='word_1_131' title='bbox 721 1463 900 1503; x_wconf 84' lang='lat' dir='ltr'>fortuito</span> <span class='ocrx_word' id='word_1_132' title='bbox 941 1463 1022 1504; x_wconf 88' lang='lat' dir='ltr'>sati</span> <span class='ocrx_word' id='word_1_133' title='bbox 1062 1471 1104 1504; x_wconf 88' lang='grc'>61</span> <span class='ocrx_word' id='word_1_134' title='bbox 1145 1465 1276 1505; x_wconf 89' lang='lat' dir='ltr'>creati</span> <span class='ocrx_word' id='word_1_135' title='bbox 1317 1478 1478 1513; x_wconf 87' lang='lat' dir='ltr'>sumus,</span> 
     </span>
     <span class='ocr_line' id='line_1_20' title="bbox 99 1534 1479 1588; baseline 0.001 -14"><span class='ocrx_word' id='word_1_136' title='bbox 99 1535 174 1575; x_wconf 87' lang='lat' dir='ltr'>sed</span> <span class='ocrx_word' id='word_1_137' title='bbox 212 1534 409 1586; x_wconf 82' lang='lat' dir='ltr'>profecto</span> <span class='ocrx_word' id='word_1_138' title='bbox 452 1534 533 1574; x_wconf 81' lang='lat' dir='ltr'>fuit</span> <span class='ocrx_word' id='word_1_139' title='bbox 569 1535 779 1587; x_wconf 83' lang='lat' dir='ltr'>quaedam</span> <span class='ocrx_word' id='word_1_140' title='bbox 813 1534 876 1574; x_wconf 85' lang='lat' dir='ltr'>vis</span> <span class='ocrx_word' id='word_1_141' title='bbox 910 1548 1020 1587; x_wconf 85' lang='lat' dir='ltr'>quae</span> <span class='ocrx_word' id='word_1_142' title='bbox 1055 1536 1202 1588; x_wconf 87' lang='lat' dir='ltr'>generi</span> <span class='ocrx_word' id='word_1_143' title='bbox 1236 1536 1479 1576; x_wconf 83' lang='lat' dir='ltr'>consuleret</span> 
     </span>
     <span class='ocr_line' id='line_1_21' title="bbox 97 1605 1481 1659; baseline 0.001 -14"><span class='ocrx_word' id='word_1_144' title='bbox 97 1606 285 1646; x_wconf 84' lang='lat' dir='ltr'>humano</span> <span class='ocrx_word' id='word_1_145' title='bbox 328 1619 408 1646; x_wconf 90' lang='lat' dir='ltr'>nec</span> <span class='ocrx_word' id='word_1_146' title='bbox 452 1606 494 1646; x_wconf 89' lang='lat' dir='ltr'>id</span> <span class='ocrx_word' id='word_1_147' title='bbox 531 1605 730 1659; x_wconf 80' lang='lat' dir='ltr'>gigneret</span> <span class='ocrx_word' id='word_1_148' title='bbox 769 1613 842 1646; x_wconf 91' lang='lat' dir='ltr'>aut</span> <span class='ocrx_word' id='word_1_149' title='bbox 882 1606 1027 1653; x_wconf 87' lang='lat' dir='ltr'>aleret,</span> <span class='ocrx_word' id='word_1_150' title='bbox 1069 1607 1183 1659; x_wconf 89' lang='lat' dir='ltr'>quod</span> <span class='ocrx_word' id='word_1_151' title='bbox 1223 1620 1319 1647; x_wconf 90' lang='lat' dir='ltr'>cum</span> <span class='ocrx_word' id='word_1_152' title='bbox 1358 1621 1481 1647; x_wconf 79' lang='lat' dir='ltr'>exan-</span> 
     </span>
     <span class='ocr_line' id='line_1_22' title="bbox 97 1677 1477 1725; baseline 0.001 -8"><span class='ocrx_word' id='word_1_153' title='bbox 97 1677 298 1718; x_wconf 84' lang='lat' dir='ltr'>clavisset</span> <span class='ocrx_word' id='word_1_154' title='bbox 326 1691 478 1718; x_wconf 89' lang='lat' dir='ltr'>omnes</span> <span class='ocrx_word' id='word_1_155' title='bbox 505 1678 684 1725; x_wconf 88' lang='lat' dir='ltr'>labores,</span> <span class='ocrx_word' id='word_1_156' title='bbox 715 1684 806 1717; x_wconf 89' lang='lat' dir='ltr'>tum</span> <span class='ocrx_word' id='word_1_157' title='bbox 836 1678 1043 1718; x_wconf 86' lang='lat' dir='ltr'>incideret</span> <span class='ocrx_word' id='word_1_158' title='bbox 1072 1678 1113 1717; x_wconf 92' lang='lat' dir='ltr'>in</span> <span class='ocrx_word' id='word_1_159' title='bbox 1141 1678 1292 1718; x_wconf 83' lang='lat' dir='ltr'>mortis</span> <span class='ocrx_word' id='word_1_160' title='bbox 1319 1679 1477 1718; x_wconf 87' lang='lat' dir='ltr'>malum</span> 
     </span>
    </p>
   </div>
   <div class='ocr_carea' id='block_1_8' title="bbox 95 1771 756 2480">
    <p class='ocr_par' dir='ltr' id='par_1_8' title="bbox 95 1771 756 2480">
     <span class='ocr_line' id='line_1_23' title="bbox 98 1771 756 1812; baseline -0.002 -11"><span class='ocrx_word' id='word_1_161' title='bbox 98 1771 351 1809; x_wconf 86' lang='lat' dir='ltr'>coniventem,</span> <span class='ocrx_word' id='word_1_162' title='bbox 376 1772 505 1812; x_wconf 53' lang='lat' dir='ltr'>clos-ing</span> <span class='ocrx_word' id='word_1_163' title='bbox 533 1772 586 1802; x_wconf 77' lang='lat' dir='ltr'>tlze</span> <span class='ocrx_word' id='word_1_164' title='bbox 615 1782 695 1810; x_wconf 80' lang='lat' dir='ltr'><em>eyes.</em></span> <span class='ocrx_word' id='word_1_165' title='bbox 713 1790 756 1794; x_wconf 87' lang='lat'><strong>—</strong></span> 
     </span>
     <span class='ocr_line' id='line_1_24' title="bbox 97 1815 754 1855; baseline -0.002 -9"><span class='ocrx_word' id='word_1_166' title='bbox 97 1816 197 1855; x_wconf 89' lang='lat' dir='ltr'>quod</span> <span class='ocrx_word' id='word_1_167' title='bbox 216 1816 248 1846; x_wconf 91' lang='lat' dir='ltr'>si</span> <span class='ocrx_word' id='word_1_168' title='bbox 267 1816 349 1846; x_wconf 84' lang='lat' dir='ltr'>fiat:</span> <span class='ocrx_word' id='word_1_169' title='bbox 377 1816 539 1854; x_wconf 80' lang='lat' dir='ltr'>referring</span> <span class='ocrx_word' id='word_1_170' title='bbox 560 1821 595 1845; x_wconf 89' lang='lat' dir='ltr'>to</span> <span class='ocrx_word' id='word_1_171' title='bbox 613 1815 670 1846; x_wconf 91' lang='lat' dir='ltr'>the</span> <span class='ocrx_word' id='word_1_172' title='bbox 688 1821 754 1845; x_wconf 88' lang='lat' dir='ltr'>two</span> 
     </span>
     <span class='ocr_line' id='line_1_25' title="bbox 97 1859 753 1899; baseline 0 -10"><span class='ocrx_word' id='word_1_173' title='bbox 97 1859 280 1899; x_wconf 83' lang='lat' dir='ltr'>preceding</span> <span class='ocrx_word' id='word_1_174' title='bbox 304 1865 491 1893; x_wconf 77' lang='lat' dir='ltr'>sentences,</span> <span class='ocrx_word' id='word_1_175' title='bbox 513 1869 601 1889; x_wconf 88' lang='lat' dir='ltr'>narn</span> <span class='ocrx_word' id='word_1_176' title='bbox 628 1859 660 1890; x_wconf 88' lang='lat' dir='ltr'>si</span> <span class='ocrx_word' id='word_1_177' title='bbox 685 1860 753 1890; x_wconf 84' lang='lat' dir='ltr'>and</span> 
     </span>
     <span class='ocr_line' id='line_1_26' title="bbox 98 1903 752 1940; baseline -0.002 -6"><span class='ocrx_word' id='word_1_178' title='bbox 98 1903 156 1934; x_wconf 85' lang='lat' dir='ltr'>sin</span> <span class='ocrx_word' id='word_1_179' title='bbox 185 1904 529 1940; x_wconf 71' lang='lat' dir='ltr'>autem—oratio,</span> <span class='ocrx_word' id='word_1_180' title='bbox 557 1904 610 1933; x_wconf 69' lang='lat' dir='ltr'>tlze</span> <span class='ocrx_word' id='word_1_181' title='bbox 634 1905 752 1934; x_wconf 76' lang='lat' dir='ltr'>words.</span> 
     </span>
     <span class='ocr_line' id='line_1_27' title="bbox 96 1946 754 1978; baseline -0.002 0"><span class='ocrx_word' id='word_1_182' title='bbox 96 1948 210 1978; x_wconf 93' lang='lat' dir='ltr'>—hic</span> <span class='ocrx_word' id='word_1_183' title='bbox 233 1971 240 1977; x_wconf 88' lang='lat'><em>.</em></span> <span class='ocrx_word' id='word_1_184' title='bbox 265 1971 271 1977; x_wconf 93' lang='lat'><strong>.</strong></span> <span class='ocrx_word' id='word_1_185' title='bbox 295 1971 302 1977; x_wconf 92' lang='lat'>.</span> <span class='ocrx_word' id='word_1_186' title='bbox 324 1953 474 1978; x_wconf 88' lang='lat' dir='ltr'>noster:</span> <span class='ocrx_word' id='word_1_187' title='bbox 492 1947 554 1978; x_wconf 93' lang='lat' dir='ltr'>hic</span> <span class='ocrx_word' id='word_1_188' title='bbox 566 1947 593 1977; x_wconf 93' lang='lat' dir='ltr'>is</span> <span class='ocrx_word' id='word_1_189' title='bbox 606 1946 754 1978; x_wconf 88' lang='lat' dir='ltr'>usedbe-</span> 
     </span>
     <span class='ocr_line' id='line_1_28' title="bbox 97 1991 752 2022; baseline 0 -1"><span class='ocrx_word' id='word_1_190' title='bbox 97 2001 198 2021; x_wconf 86' lang='lat' dir='ltr'>cause</span> <span class='ocrx_word' id='word_1_191' title='bbox 213 1991 343 2021; x_wconf 81' lang='lat' dir='ltr'>Ennius</span> <span class='ocrx_word' id='word_1_192' title='bbox 356 1992 384 2022; x_wconf 92' lang='lat' dir='ltr'>is</span> <span class='ocrx_word' id='word_1_193' title='bbox 400 1991 562 2022; x_wconf 85' lang='lat' dir='ltr'>nearerin</span> <span class='ocrx_word' id='word_1_194' title='bbox 575 1991 655 2021; x_wconf 89' lang='lat' dir='ltr'>time</span> <span class='ocrx_word' id='word_1_195' title='bbox 667 1991 752 2021; x_wconf 82' lang='lat' dir='ltr'>than</span> 
     </span>
     <span class='ocr_line' id='line_1_29' title="bbox 99 2035 753 2073; baseline -0.002 -8"><span class='ocrx_word' id='word_1_196' title='bbox 99 2035 223 2072; x_wconf 85' lang='lat' dir='ltr'>Solon;</span> <span class='ocrx_word' id='word_1_197' title='bbox 249 2035 290 2065; x_wconf 83' lang='lat' dir='ltr'>cf.</span> <span class='ocrx_word' id='word_1_198' title='bbox 317 2036 448 2065; x_wconf 84' lang='lat' dir='ltr'>Lucret.</span> <span class='ocrx_word' id='word_1_199' title='bbox 477 2035 503 2065; x_wconf 89' lang='grc' dir='ltr'>Ι.</span> <span class='ocrx_word' id='word_1_200' title='bbox 531 2044 589 2073; x_wconf 90' lang='lat'>117</span> <span class='ocrx_word' id='word_1_201' title='bbox 613 2036 753 2065; x_wconf 83' lang='lat' dir='ltr'>Ennius</span> 
     </span>
     <span class='ocr_line' id='line_1_30' title="bbox 97 2079 750 2110; baseline 0 -1"><span class='ocrx_word' id='word_1_202' title='bbox 97 2084 136 2109; x_wconf 86' lang='lat' dir='ltr'>ut</span> <span class='ocrx_word' id='word_1_203' title='bbox 188 2084 300 2110; x_wconf 78' lang='lat' dir='ltr'>noster</span> <span class='ocrx_word' id='word_1_204' title='bbox 349 2080 474 2109; x_wconf 79' lang='lat' dir='ltr'>cecinit.</span> <span class='ocrx_word' id='word_1_205' title='bbox 498 2097 542 2101; x_wconf 91' lang='lat'>—</span> <span class='ocrx_word' id='word_1_206' title='bbox 563 2079 750 2110; x_wconf 87' lang='lat' dir='ltr'>lacrimis:</span> 
     </span>
     <span class='ocr_line' id='line_1_31' title="bbox 97 2122 753 2164; baseline 0.002 -12"><span class='ocrx_word' id='word_1_207' title='bbox 97 2123 231 2153; x_wconf 89' lang='lat' dir='ltr'>Ennius</span> <span class='ocrx_word' id='word_1_208' title='bbox 263 2123 430 2164; x_wconf 87' lang='lat' dir='ltr'>probably</span> <span class='ocrx_word' id='word_1_209' title='bbox 453 2123 537 2154; x_wconf 84' lang='lat' dir='ltr'>used</span> <span class='ocrx_word' id='word_1_210' title='bbox 571 2123 629 2154; x_wconf 81' lang='lat' dir='ltr'>the</span> <span class='ocrx_word' id='word_1_211' title='bbox 658 2122 753 2154; x_wconf 89' lang='lat' dir='ltr'>older</span> 
     </span>
     <span class='ocr_line' id='line_1_32' title="bbox 96 2167 753 2206; baseline 0.002 -9"><span class='ocrx_word' id='word_1_212' title='bbox 96 2167 241 2206; x_wconf 83' lang='lat' dir='ltr'>spelling</span> <span class='ocrx_word' id='word_1_213' title='bbox 262 2168 442 2203; x_wconf 74' lang='lat' dir='ltr'>dacrmnis,</span> <span class='ocrx_word' id='word_1_214' title='bbox 458 2167 514 2197; x_wconf 84' lang='lat' dir='ltr'>for</span> <span class='ocrx_word' id='word_1_215' title='bbox 534 2167 591 2198; x_wconf 90' lang='lat' dir='ltr'>the</span> <span class='ocrx_word' id='word_1_216' title='bbox 610 2168 753 2198; x_wconf 83' lang='lat' dir='ltr'>allitera-</span> 
     </span>
     <span class='ocr_line' id='line_1_33' title="bbox 95 2211 749 2252; baseline 0.002 -12"><span class='ocrx_word' id='word_1_217' title='bbox 95 2211 179 2241; x_wconf 91' lang='lat' dir='ltr'>tion.</span> <span class='ocrx_word' id='word_1_218' title='bbox 240 2211 398 2241; x_wconf 89' lang='lat' dir='ltr'>Plutarch</span> <span class='ocrx_word' id='word_1_219' title='bbox 426 2212 505 2252; x_wconf 85' lang='lat' dir='ltr'><em>(Sol.</em></span> <span class='ocrx_word' id='word_1_220' title='bbox 531 2216 563 2241; x_wconf 76' lang='lat' dir='ltr'>ct</span> <span class='ocrx_word' id='word_1_221' title='bbox 592 2212 688 2242; x_wconf 82' lang='lat' dir='ltr'><em>Pnbl.</em></span> <span class='ocrx_word' id='word_1_222' title='bbox 718 2211 749 2252; x_wconf 91' lang='lat'>1)</span> 
     </span>
     <span class='ocr_line' id='line_1_34' title="bbox 95 2254 681 2295; baseline 0.002 -11"><span class='ocrx_word' id='word_1_223' title='bbox 95 2254 158 2285; x_wconf 88' lang='lat' dir='ltr'>has</span> <span class='ocrx_word' id='word_1_224' title='bbox 174 2255 356 2295; x_wconf 88' lang='lat' dir='ltr'>preserved</span> <span class='ocrx_word' id='word_1_225' title='bbox 374 2255 431 2286; x_wconf 89' lang='lat' dir='ltr'>the</span> <span class='ocrx_word' id='word_1_226' title='bbox 450 2255 562 2286; x_wconf 87' lang='lat' dir='ltr'>Greek</span> <span class='ocrx_word' id='word_1_227' title='bbox 579 2255 662 2286; x_wconf 90' lang='lat' dir='ltr'>lines</span> <span class='ocrx_word' id='word_1_228' title='bbox 676 2268 681 2285; x_wconf 79' lang='lat' dir='ltr'><strong><em>z</em></strong></span> 
     </span>
     <span class='ocr_line' id='line_1_35' title="bbox 97 2309 747 2348; baseline 0 -8"><span class='ocrx_word' id='word_1_229' title='bbox 97 2311 190 2347; x_wconf 85' lang='grc' dir='ltr'><em>Μηδέ</em></span> <span class='ocrx_word' id='word_1_230' title='bbox 210 2322 260 2347; x_wconf 88' lang='grc' dir='ltr'>μοι</span> <span class='ocrx_word' id='word_1_231' title='bbox 283 2309 467 2341; x_wconf 77' lang='grc' dir='ltr'>ἄκλαυστος</span> <span class='ocrx_word' id='word_1_232' title='bbox 489 2311 625 2341; x_wconf 87' lang='grc' dir='ltr'>θάνατος</span> <span class='ocrx_word' id='word_1_233' title='bbox 645 2310 747 2348; x_wconf 84' lang='grc' dir='ltr'>μόλοι,</span> 
     </span>
     <span class='ocr_line' id='line_1_36' title="bbox 228 2355 456 2391; baseline 0.004 -8"><span class='ocrx_word' id='word_1_234' title='bbox 228 2355 316 2384; x_wconf 83' lang='grc' dir='ltr'>ἀλλὰ</span> <span class='ocrx_word' id='word_1_235' title='bbox 333 2356 456 2391; x_wconf 72' lang='grc' dir='ltr'>φίλοισι</span> 
     </span>
     <span class='ocr_line' id='line_1_37' title="bbox 97 2394 751 2435; baseline 0.002 -8"><span class='ocrx_word' id='word_1_236' title='bbox 97 2399 271 2435; x_wconf 80' lang='grc' dir='ltr'>Ποιήσαιμι</span> <span class='ocrx_word' id='word_1_237' title='bbox 310 2399 413 2428; x_wconf 87' lang='grc' dir='ltr'>θανὼν</span> <span class='ocrx_word' id='word_1_238' title='bbox 448 2394 553 2435; x_wconf 75' lang='grc' dir='ltr'>ἅλ’γεα</span> <span class='ocrx_word' id='word_1_239' title='bbox 589 2399 640 2428; x_wconf 79' lang='grc' dir='ltr'>καὶ</span> <span class='ocrx_word' id='word_1_240' title='bbox 674 2409 751 2428; x_wconf 87' lang='grc' dir='ltr'>στο-</span> 
     </span>
     <span class='ocr_line' id='line_1_38' title="bbox 228 2453 338 2480; baseline 0.009 -9"><span class='ocrx_word' id='word_1_241' title='bbox 228 2453 338 2480; x_wconf 83' lang='grc' dir='ltr'>ναχας.</span> 
     </span>
    </p>
   </div>
   <div class='ocr_carea' id='block_1_9' title="bbox 818 1771 1480 2471">
    <p class='ocr_par' dir='ltr' id='par_1_9' title="bbox 821 1771 1479 1977">
     <span class='ocr_line' id='line_1_39' title="bbox 824 1771 1479 1811; baseline 0.002 -10"><span class='ocrx_word' id='word_1_242' title='bbox 824 1780 980 1801; x_wconf 88' lang='lat' dir='ltr'>—mors</span> <span class='ocrx_word' id='word_1_243' title='bbox 1014 1780 1112 1807; x_wconf 88' lang='lat' dir='ltr'>mea,</span> <span class='ocrx_word' id='word_1_244' title='bbox 1146 1776 1228 1801; x_wconf 89' lang='lat' dir='ltr'>etc.:</span> <span class='ocrx_word' id='word_1_245' title='bbox 1262 1771 1319 1801; x_wconf 89' lang='lat' dir='ltr'>the</span> <span class='ocrx_word' id='word_1_246' title='bbox 1352 1772 1479 1811; x_wconf 84' lang='lat' dir='ltr'>elegiae</span> 
     </span>
     <span class='ocr_line' id='line_1_40' title="bbox 823 1815 1478 1856; baseline 0.003 -12"><span class='ocrx_word' id='word_1_247' title='bbox 823 1815 946 1845; x_wconf 78' lang='lat' dir='ltr'>distich</span> <span class='ocrx_word' id='word_1_248' title='bbox 965 1826 971 1853; x_wconf 81' lang='lat'><em>3</em></span> <span class='ocrx_word' id='word_1_249' title='bbox 1012 1815 1052 1845; x_wconf 79' lang='lat' dir='ltr'>cf.</span> <span class='ocrx_word' id='word_1_250' title='bbox 1091 1816 1130 1844; x_wconf 69' lang='lat' dir='ltr'>dc</span> <span class='ocrx_word' id='word_1_251' title='bbox 1166 1816 1240 1845; x_wconf 67' lang='lat' dir='ltr'>Sca.</span> <span class='ocrx_word' id='word_1_252' title='bbox 1283 1824 1332 1856; x_wconf 84' lang='lat'>73,</span> <span class='ocrx_word' id='word_1_253' title='bbox 1368 1815 1478 1846; x_wconf 87' lang='lat' dir='ltr'>where</span> 
     </span>
     <span class='ocr_line' id='line_1_41' title="bbox 824 1858 1477 1899; baseline 0.002 -10"><span class='ocrx_word' id='word_1_254' title='bbox 824 1858 945 1889; x_wconf 92' lang='lat' dir='ltr'>Cicero</span> <span class='ocrx_word' id='word_1_255' title='bbox 966 1859 1059 1899; x_wconf 83' lang='lat' dir='ltr'>gives</span> <span class='ocrx_word' id='word_1_256' title='bbox 1080 1859 1137 1889; x_wconf 87' lang='lat' dir='ltr'>the</span> <span class='ocrx_word' id='word_1_257' title='bbox 1160 1865 1233 1889; x_wconf 89' lang='lat' dir='ltr'>true</span> <span class='ocrx_word' id='word_1_258' title='bbox 1256 1859 1477 1899; x_wconf 86' lang='lat' dir='ltr'>explanation</span> 
     </span>
     <span class='ocr_line' id='line_1_42' title="bbox 823 1902 1479 1939; baseline 0.002 -7"><span class='ocrx_word' id='word_1_259' title='bbox 823 1903 861 1932; x_wconf 85' lang='lat' dir='ltr'>of</span> <span class='ocrx_word' id='word_1_260' title='bbox 880 1903 1016 1933; x_wconf 82' lang='lat' dir='ltr'>Solon’s</span> <span class='ocrx_word' id='word_1_261' title='bbox 1030 1902 1153 1939; x_wconf 79' lang='lat' dir='ltr'>words,</span> <span class='ocrx_word' id='word_1_262' title='bbox 1164 1904 1241 1939; x_wconf 77' lang='lat' dir='ltr'><em>volt,</em></span> <span class='ocrx_word' id='word_1_263' title='bbox 1253 1904 1356 1939; x_wconf 80' lang='lat' dir='ltr'>credo,</span> <span class='ocrx_word' id='word_1_264' title='bbox 1370 1914 1402 1933; x_wconf 78' lang='lat' dir='ltr'>se</span> <span class='ocrx_word' id='word_1_265' title='bbox 1414 1915 1479 1934; x_wconf 78' lang='lat' dir='ltr'>esse</span> 
     </span>
     <span class='ocr_line' id='line_1_43' title="bbox 821 1947 1035 1977; baseline -0.005 0"><span class='ocrx_word' id='word_1_266' title='bbox 821 1958 938 1977; x_wconf 77' lang='lat' dir='ltr'>carum</span> <span class='ocrx_word' id='word_1_267' title='bbox 957 1947 1035 1977; x_wconf 78' lang='lat' dir='ltr'><em>suis.</em></span> 
     </span>
    </p>

    <p class='ocr_par' dir='ltr' id='par_1_10' title="bbox 818 1990 1480 2471">
     <span class='ocr_line' id='line_1_44' title="bbox 867 1990 1475 2022; baseline 0.002 -2"><span class='ocrx_word' id='word_1_268' title='bbox 867 1990 943 2021; x_wconf 85' lang='lat'>118.</span> <span class='ocrx_word' id='word_1_269' title='bbox 970 2000 1040 2021; x_wconf 90' lang='lat' dir='ltr'>nos</span> <span class='ocrx_word' id='word_1_270' title='bbox 1054 2000 1144 2022; x_wconf 92' lang='lat' dir='ltr'>vero</span> <span class='ocrx_word' id='word_1_271' title='bbox 1162 2014 1169 2020; x_wconf 91' lang='lat'><strong>.</strong></span> <span class='ocrx_word' id='word_1_272' title='bbox 1186 2014 1194 2021; x_wconf 88' lang='lat'><strong>.</strong></span> <span class='ocrx_word' id='word_1_273' title='bbox 1210 2014 1217 2021; x_wconf 92' lang='lat'><strong><em>.</em></strong></span> <span class='ocrx_word' id='word_1_274' title='bbox 1233 1991 1475 2022; x_wconf 82' lang='lat' dir='ltr'>arbitremur:</span> 
     </span>
     <span class='ocr_line' id='line_1_45' title="bbox 821 2034 1478 2075; baseline 0.002 -11"><span class='ocrx_word' id='word_1_275' title='bbox 821 2034 902 2065; x_wconf 87' lang='lat' dir='ltr'>with</span> <span class='ocrx_word' id='word_1_276' title='bbox 931 2034 997 2065; x_wconf 84' lang='lat' dir='ltr'>this</span> <span class='ocrx_word' id='word_1_277' title='bbox 1025 2045 1181 2075; x_wconf 81' lang='lat' dir='ltr'>passage,</span> <span class='ocrx_word' id='word_1_278' title='bbox 1206 2035 1248 2065; x_wconf 84' lang='lat' dir='ltr'>cf.</span> <span class='ocrx_word' id='word_1_279' title='bbox 1275 2036 1478 2073; x_wconf 87' lang='lat' dir='ltr'>74.—hor-</span> 
     </span>
     <span class='ocr_line' id='line_1_46' title="bbox 822 2078 1476 2110; baseline 0 -1"><span class='ocrx_word' id='word_1_280' title='bbox 822 2078 969 2110; x_wconf 90' lang='lat' dir='ltr'>ribilem</span> <span class='ocrx_word' id='word_1_281' title='bbox 997 2102 1004 2109; x_wconf 86' lang='lat'>.</span> <span class='ocrx_word' id='word_1_282' title='bbox 1032 2102 1039 2109; x_wconf 93' lang='lat'><strong><em>.</em></strong></span> <span class='ocrx_word' id='word_1_283' title='bbox 1068 2103 1074 2109; x_wconf 93' lang='lat'><em>.</em></span> <span class='ocrx_word' id='word_1_284' title='bbox 1101 2079 1294 2110; x_wconf 85' lang='lat' dir='ltr'>faustum:</span> <span class='ocrx_word' id='word_1_285' title='bbox 1320 2084 1402 2110; x_wconf 89' lang='lat' dir='ltr'>note</span> <span class='ocrx_word' id='word_1_286' title='bbox 1419 2079 1476 2109; x_wconf 89' lang='lat' dir='ltr'>the</span> 
     </span>
     <span class='ocr_line' id='line_1_47' title="bbox 820 2122 1476 2154; baseline 0.002 -1"><span class='ocrx_word' id='word_1_287' title='bbox 820 2122 1095 2153; x_wconf 86' lang='lat' dir='ltr'>chiasmus.—a</span> <span class='ocrx_word' id='word_1_288' title='bbox 1123 2128 1258 2154; x_wconf 83' lang='lat' dir='ltr'>natura</span> <span class='ocrx_word' id='word_1_289' title='bbox 1285 2146 1292 2153; x_wconf 93' lang='lat'><strong><em>.</em></strong></span> <span class='ocrx_word' id='word_1_290' title='bbox 1320 2146 1328 2153; x_wconf 89' lang='lat'><strong><em>.</em></strong></span> <span class='ocrx_word' id='word_1_291' title='bbox 1356 2146 1363 2153; x_wconf 88' lang='lat'><strong>.</strong></span> <span class='ocrx_word' id='word_1_292' title='bbox 1390 2131 1476 2154; x_wconf 90' lang='lat' dir='ltr'>con-</span> 
     </span>
     <span class='ocr_line' id='line_1_48' title="bbox 821 2167 1474 2207; baseline 0 -10"><span class='ocrx_word' id='word_1_293' title='bbox 821 2167 996 2198; x_wconf 86' lang='lat' dir='ltr'>stitutum</span> <span class='ocrx_word' id='word_1_294' title='bbox 1011 2176 1018 2197; x_wconf 90' lang='lat'>:</span> <span class='ocrx_word' id='word_1_295' title='bbox 1045 2167 1086 2197; x_wconf 83' lang='lat' dir='ltr'>cf.</span> <span class='ocrx_word' id='word_1_296' title='bbox 1104 2168 1143 2197; x_wconf 78' lang='lat' dir='ltr'>de</span> <span class='ocrx_word' id='word_1_297' title='bbox 1159 2168 1236 2197; x_wconf 78' lang='lat' dir='ltr'>Seu.</span> <span class='ocrx_word' id='word_1_298' title='bbox 1255 2176 1273 2204; x_wconf 88' lang='lat'>4</span> <span class='ocrx_word' id='word_1_299' title='bbox 1290 2168 1351 2207; x_wconf 82' lang='lat' dir='ltr'>qui</span> <span class='ocrx_word' id='word_1_300' title='bbox 1365 2172 1474 2197; x_wconf 83' lang='lat' dir='ltr'>autem</span> 
     </span>
     <span class='ocr_line' id='line_1_49' title="bbox 820 2211 1476 2250; baseline 0 -9"><span class='ocrx_word' id='word_1_301' title='bbox 820 2213 933 2241; x_wconf 78' lang='lat' dir='ltr'>amnia</span> <span class='ocrx_word' id='word_1_302' title='bbox 965 2212 1047 2241; x_wconf 79' lang='lat' dir='ltr'>bona</span> <span class='ocrx_word' id='word_1_303' title='bbox 1072 2222 1091 2240; x_wconf 86' lang='lat' dir='ltr'>a</span> <span class='ocrx_word' id='word_1_304' title='bbox 1124 2222 1156 2241; x_wconf 81' lang='lat' dir='ltr'>se</span> <span class='ocrx_word' id='word_1_305' title='bbox 1188 2212 1253 2250; x_wconf 57' lang='lat' dir='ltr'>(psi</span> <span class='ocrx_word' id='word_1_306' title='bbox 1275 2215 1406 2250; x_wconf 78' lang='lat' dir='ltr'>petunt,</span> <span class='ocrx_word' id='word_1_307' title='bbox 1433 2211 1476 2242; x_wconf 83' lang='lat' dir='ltr'>eis</span> 
     </span>
     <span class='ocr_line' id='line_1_50' title="bbox 819 2255 1480 2295; baseline 0 -11"><span class='ocrx_word' id='word_1_308' title='bbox 819 2255 912 2285; x_wconf 79' lang='lat' dir='ltr'><em>nihil</em></span> <span class='ocrx_word' id='word_1_309' title='bbox 941 2256 1069 2285; x_wconf 80' lang='lat' dir='ltr'>malum</span> <span class='ocrx_word' id='word_1_310' title='bbox 1098 2259 1204 2294; x_wconf 62' lang='lat' dir='ltr'>polest</span> <span class='ocrx_word' id='word_1_311' title='bbox 1240 2255 1358 2291; x_wconf 79' lang='lat' dir='ltr'>videri,</span> <span class='ocrx_word' id='word_1_312' title='bbox 1390 2256 1480 2295; x_wconf 83' lang='lat' dir='ltr'>quod</span> 
     </span>
     <span class='ocr_line' id='line_1_51' title="bbox 819 2299 1474 2339; baseline 0.002 -11"><span class='ocrx_word' id='word_1_313' title='bbox 819 2303 963 2329; x_wconf 76' lang='lat' dir='ltr'>naturae</span> <span class='ocrx_word' id='word_1_314' title='bbox 977 2300 1148 2329; x_wconf 71' lang='lat' dir='ltr'>necessitas</span> <span class='ocrx_word' id='word_1_315' title='bbox 1159 2299 1300 2339; x_wconf 78' lang='lat' dir='ltr'>adferat.</span> <span class='ocrx_word' id='word_1_316' title='bbox 1312 2299 1402 2329; x_wconf 88' lang='lat' dir='ltr'>—id</span> <span class='ocrx_word' id='word_1_317' title='bbox 1418 2322 1425 2329; x_wconf 92' lang='lat'><strong>.</strong></span> <span class='ocrx_word' id='word_1_318' title='bbox 1442 2322 1450 2329; x_wconf 88' lang='lat'><strong>.</strong></span> <span class='ocrx_word' id='word_1_319' title='bbox 1466 2322 1474 2329; x_wconf 89' lang='lat'><strong>.</strong></span> 
     </span>
     <span class='ocr_line' id='line_1_52' title="bbox 819 2343 1475 2384; baseline -0.002 -10"><span class='ocrx_word' id='word_1_320' title='bbox 819 2343 931 2382; x_wconf 91' lang='lat' dir='ltr'>quod,</span> <span class='ocrx_word' id='word_1_321' title='bbox 986 2343 1060 2372; x_wconf 77' lang='lat' dir='ltr'>that</span> <span class='ocrx_word' id='word_1_322' title='bbox 1076 2367 1082 2372; x_wconf 89' lang='lat'><strong>.</strong></span> <span class='ocrx_word' id='word_1_323' title='bbox 1101 2366 1107 2372; x_wconf 92' lang='lat'><strong>.</strong></span> <span class='ocrx_word' id='word_1_324' title='bbox 1127 2367 1132 2372; x_wconf 93' lang='lat'>.</span> <span class='ocrx_word' id='word_1_325' title='bbox 1151 2343 1271 2379; x_wconf 82' lang='lat' dir='ltr'>wlziclz,</span> <span class='ocrx_word' id='word_1_326' title='bbox 1311 2344 1332 2373; x_wconf 89' lang='lat' dir='ltr'>i.</span> <span class='ocrx_word' id='word_1_327' title='bbox 1343 2354 1369 2373; x_wconf 78' lang='lat' dir='ltr'>e.</span> <span class='ocrx_word' id='word_1_328' title='bbox 1409 2353 1475 2384; x_wconf 90' lang='lat' dir='ltr'>any</span> 
     </span>
     <span class='ocr_line' id='line_1_53' title="bbox 818 2386 1474 2426; baseline 0.002 -10"><span class='ocrx_word' id='word_1_329' title='bbox 818 2386 954 2416; x_wconf 82' lang='lat' dir='ltr'>created</span> <span class='ocrx_word' id='word_1_330' title='bbox 1008 2386 1117 2426; x_wconf 83' lang='lat' dir='ltr'>being.</span> <span class='ocrx_word' id='word_1_331' title='bbox 1129 2405 1173 2408; x_wconf 97' lang='lat'><strong>—</strong></span> <span class='ocrx_word' id='word_1_332' title='bbox 1184 2386 1474 2421; x_wconf 79' lang='lat' dir='ltr'>exanclavisset,</span> 
     </span>
     <span class='ocr_line' id='line_1_54' title="bbox 819 2431 1472 2471; baseline 0.002 -11"><span class='ocrx_word' id='word_1_333' title='bbox 819 2431 890 2460; x_wconf 77' lang='lat' dir='ltr'>had</span> <span class='ocrx_word' id='word_1_334' title='bbox 897 2431 1050 2460; x_wconf 76' lang='lat' dir='ltr'>endurea&#39;</span> <span class='ocrx_word' id='word_1_335' title='bbox 1058 2435 1089 2460; x_wconf 82' lang='lat' dir='ltr'>lo</span> <span class='ocrx_word' id='word_1_336' title='bbox 1101 2431 1156 2460; x_wconf 72' lang='lat' dir='ltr'>tlze</span> <span class='ocrx_word' id='word_1_337' title='bbox 1167 2431 1240 2461; x_wconf 72' lang='lat' dir='ltr'>end.</span> <span class='ocrx_word' id='word_1_338' title='bbox 1252 2449 1294 2452; x_wconf 87' lang='lat'>——</span> <span class='ocrx_word' id='word_1_339' title='bbox 1306 2437 1472 2471; x_wconf 86' lang='lat' dir='ltr'>portum:</span> 
     </span>
    </p>
   </div>
  </div>
 </body>
</html>
