1669 2698
99 459 119 488 2

124 459 139 489 1

121 1315 140 1343 [ὓ

170 119 225 147 20
574 112 622 144 M.
654 112 806 143 TVLLI
841 112 1131 144 CICERONIS

166 235 207 274 id
238 241 302 275 est
337 235 556 282 rationem,
590 234 630 273 in
663 233 801 286 capite
832 235 941 274 sicut
973 234 1013 273 in
1043 247 1141 274 arce
1171 235 1326 286 posuit,
1359 242 1400 275 et
1430 235 1535 275 duas

166 312 309 358 partes
340 305 377 345 ei
410 319 558 358 parere
588 305 732 353 voluit,
771 305 872 345 iram
908 312 947 345 et
985 305 1272 357 cupiditatem,
1307 320 1412 358 quas
1447 307 1535 346 suis

166 377 281 425 locis,
324 378 426 417 iram
468 377 509 416 in
548 384 735 428 pectore,
775 376 1051 428 cupiditatem
1093 377 1241 417 subter
1279 377 1534 429 praecordia,

165 449 331 489 locavit.
400 448 689 488 Dicaearchus
707 454 849 488 autern
875 447 915 486 in
940 461 990 487 eo
1013 461 1221 496 sermone,
1240 462 1366 500 quem
1393 448 1538 488 Corin-

165 519 228 560 thi
266 519 457 559 habitum
495 519 632 559 tribus
672 518 789 558 libris
829 519 1013 570 exponit,
1051 519 1273 559 doctorum
1315 519 1534 559 hominum

165 590 475 643 disputantium
500 590 636 642 primo
660 590 767 629 libro
790 590 948 629 multos
972 591 1184 642 loquentis
1208 590 1308 630 facit
1329 604 1337 638 ;
1368 591 1535 630 duobus

166 663 450 702 Pherecraten
472 662 684 714 quendam
710 661 953 700 Phthiotam
979 675 1139 708 senem,
1160 675 1285 713 quem
1305 663 1362 701 ait
1380 676 1404 702 a
1424 662 1537 701 Deu-

165 733 327 774 calione
365 740 517 780 ortum,
558 732 839 772 disserentem
880 732 1040 772 inducit
1084 732 1187 772 nihil
1229 746 1325 772 esse
1362 734 1536 773 omnino

164 805 364 851 animum,
406 811 447 844 et
487 805 569 844 hoc
607 817 702 843 esse
740 817 896 844 nomen
939 810 1079 843 totum
1123 803 1248 844 inane
1290 804 1535 857 frustraque

163 876 361 916 animalia
387 882 428 916 et
459 875 689 916 animantis
716 875 928 927 appellari,
954 888 1094 927 neque
1124 876 1164 914 in
1196 875 1368 916 homine
1395 875 1535 916 inesse

163 949 351 988 animum
375 948 442 988 vel
469 947 653 987 animam
681 960 760 987 nec
788 946 829 985 in
858 946 1006 994 bestia,
1032 946 1203 998 vimque
1229 960 1399 987 omnem
1427 961 1532 995 earn,

164 1034 247 1072 qua
273 1020 339 1059 vel
366 1032 543 1071 agamus
571 1019 669 1070 quid
695 1019 760 1058 vel
791 1018 1038 1065 sentiamus,
1063 1018 1105 1057 in
1129 1018 1327 1058 omnibus
1356 1018 1535 1070 corpori-

165 1091 245 1130 bus
283 1090 388 1130 vivis
430 1089 706 1142 aequabiliter
749 1103 846 1129 esse
884 1089 1022 1129 fusam
1066 1103 1146 1129 nec
1191 1089 1468 1142 separabilem
1511 1104 1535 1130 a

165 1176 341 1214 corpore
365 1175 473 1209 esse,
496 1161 652 1213 quippe
675 1174 784 1213 quae
806 1161 921 1200 nulla
945 1160 998 1200 sit
1022 1174 1102 1201 nec
1126 1160 1179 1200 sit
1204 1160 1430 1213 quicquam
1454 1161 1535 1200 nisi

165 1248 318 1286 corpus
349 1247 480 1273 unum
510 1239 549 1273 et
580 1232 770 1284 simplex,
800 1232 857 1272 ita
889 1232 1118 1284 figuratum
1147 1239 1194 1272 ut
1223 1233 1534 1284 temperatione

165 1312 341 1344 naturae
374 1304 514 1356 vigeat
551 1310 592 1343 et
630 1304 800 1344 sentiat.
870 1303 1142 1352 Aristoteles,
1178 1304 1304 1357 longe
1336 1304 1534 1344 omnibus

167 1377 404 1429 (Platonem
437 1389 604 1427 semper
635 1374 813 1428 excipio)
846 1382 1069 1427 praestans
1100 1383 1141 1416 et
1175 1375 1346 1429 ingenio
1376 1382 1416 1416 et
1448 1375 1536 1415 dili-

164 1447 321 1500 gentia,
348 1461 443 1487 cum
468 1453 672 1499 quattuor
694 1453 793 1486 nota
818 1446 885 1486 illa
911 1461 1069 1499 genera
1093 1447 1395 1500 principiorum
1420 1454 1532 1488 esset

165 1519 423 1571 complexus,
447 1532 469 1558 e
493 1518 646 1570 quibus
669 1519 811 1558 omnia
840 1526 1075 1566 orerentur,
1101 1520 1293 1571 quintam
1321 1519 1533 1571 quandam

164 1597 359 1630 naturam
384 1597 531 1630 censet
559 1603 664 1636 esse,
690 1603 712 1629 e
735 1603 817 1642 qua
845 1589 899 1629 sit
927 1603 1061 1630 mens.
1131 1590 1331 1642 Cogitare
1354 1589 1466 1630 enim
1490 1596 1533 1630 et

206 1691 260 1722 21.
290 1692 563 1722 Dicaearchus:
584 1691 814 1721 Dicaearchus

164 1736 200 1765 of
226 1736 387 1771 Messina,
406 1736 481 1765 who
505 1735 689 1765 ssourished
708 1735 814 1765 about

165 1789 227 1819 300
247 1788 319 1815 κο,
338 1790 404 1810 was
422 1789 441 1809 a
458 1780 550 1819 pupil
568 1779 605 1809 of
629 1779 813 1815 Aristotle;

164 1824 222 1853 but
248 1824 290 1853 he
314 1834 380 1854 was
403 1834 496 1853 more
521 1823 710 1863 prominent
736 1833 772 1853 as
795 1833 815 1853 a

164 1868 326 1897 historiari
360 1867 441 1897 than
470 1878 506 1897 as
535 1877 554 1897 a
582 1867 814 1906 philosopher.

166 1912 231 1942 His
257 1911 346 1941 chief
370 1911 462 1941 work
488 1921 555 1941 was
588 1912 653 1940 The
677 1911 752 1951 Life
773 1911 814 1951 of

167 1955 520 1985 Graan—Corinthi
542 1978 549 1984 .
575 1977 582 1984 .
609 1978 616 1984 .
641 1954 813 1994 exponit:

164 1999 231 2029 this
270 2009 336 2029 was
375 2009 394 2028 a
433 1998 682 2038 philosophical
723 1998 813 2027 work

163 2043 196 2072 in
222 2043 315 2073 three
343 2042 465 2077 books,
496 2043 571 2081 Περὶ
599 2043 724 2080 Ψυχῆς,
747 2041 814 2071 aud

165 2096 231 2116 was
260 2087 400 2117 entitled
430 2087 644 2125 Κορινθιακοὶ;
677 2086 730 2115 for
758 2086 814 2115 the

165 2132 346 2168 Λεσβιακοί,
381 2131 511 2160 written
555 2135 589 2160 at
643 2130 813 2170 Mytilene,

164 2174 206 2203 cf.
240 2175 534 2212 77.—du0bus:
580 2183 624 2203 sc.
665 2174 813 2212 reliquis.

164 2237 205 2239 —
225 2219 496 2248 pherecraten:
530 2217 747 2247 Pherecrates
779 2216 816 2246 of

168 2262 290 2291 Phthia
338 2262 368 2290 in
417 2261 651 2302 'l'hessaly.—
671 2262 815 2291 Deuca-

163 2305 282 2335 lione:
315 2315 334 2335 a
358 2305 472 2335 fabled
503 2305 586 2344 king
614 2305 650 2334 of
683 2304 814 2334 Phthia.

168 2349 261 2378 With
280 2349 331 2379 his
349 2349 424 2379 wife
450 2349 574 2390 Pyrrha
598 2349 640 2378 he
658 2348 814 2378 survived

165 2392 220 2422 the
233 2392 353 2432 deluge
365 2392 430 2422 and
446 2393 625 2432 repeopled
639 2393 695 2422 the
709 2392 814 2422 earth·

882 1710 924 1713 —
935 1691 1058 1727 inane,
1079 1692 1308 1731 meaningless.
1319 1691 1510 1722 —frustra
1524 1701 1531 1721 Ζ

882 1736 930 1765 i.e.
948 1737 1020 1765 sine
1035 1746 1144 1765 causa.
1157 1754 1193 1757 -
1210 1736 1387 1766 animalia
1403 1741 1439 1766 et
1457 1736 1534 1766 ani-

883 1780 1022 1810 mantis
1038 1789 1045 1809 z
1081 1780 1177 1809 when
1210 1780 1306 1810 these
1338 1785 1441 1810 terms
1476 1789 1532 1809 are

882 1823 1138 1863 distinguished,
1152 1823 1208 1853 the
1222 1823 1293 1854 first
1308 1824 1335 1853 is
1349 1823 1482 1863 applied
1497 1828 1532 1853 to

883 1877 958 1896 men
968 1866 1035 1897 and
1046 1866 1170 1901 beasts,
1179 1867 1236 1897 the
1245 1867 1369 1897 second
1382 1867 1533 1897 includes

883 1921 969 1946 men,
985 1911 1108 1946 beasts,
1123 1910 1189 1940 and
1207 1912 1381 1950 plants.—
1393 1911 1531 1951 quippe

885 1977 892 1984 .
912 1978 919 1984 .
941 1978 948 1984 .
968 1955 1027 1991 sit,
1042 1956 1130 1984 since
1146 1956 1173 1984 it
1184 1956 1255 1985 does
1270 1959 1326 1984 not
1341 1956 1426 1986 exist
1442 1956 1480 1994 hy
1496 1956 1532 1984 it-

882 1999 1531 2039 wlf—temperatione,oyganization.

926 2041 980 2072 22.
1017 2042 1213 2073 Platonem
1229 2066 1237 2072 .
1253 2065 1261 2072 .
1278 2065 1286 2072 .
1302 2043 1445 2082 excipio
1460 2052 1467 2072 :
1489 2042 1531 2072 cf.

882 2087 929 2116 JV.
947 2087 991 2116 D.
1012 2087 1058 2116 II.
1077 2095 1115 2126 32
1135 2088 1305 2117 Platonem
1325 2087 1422 2126 quasi
1436 2097 1533 2126 quen-

882 2131 958 2160 dam
977 2131 1072 2160 deum
1084 2131 1359 2169 philosophorum
1374 2140 1387 2165 ,·
1413 2130 1531 2168 Quint.

885 2174 926 2203 X.
960 2183 984 2203 Ι.
1017 2174 1056 2214 65
1083 2179 1161 2213 post
1190 2175 1374 2204 Homerum
1408 2178 1531 2208 lamen,

882 2228 976 2257 quem
1011 2223 1048 2247 ut
1074 2218 1239 2248 Achillem
1272 2222 1398 2256 semper
1424 2217 1534 2255 excipi

885 2266 955 2299 par
978 2266 1278 2301 esa—quattuor
1300 2283 1306 2290 .
1332 2283 1339 2290 .
1365 2283 1372 2290 .
1395 2260 1533 2300 princi-

883 2305 1028 2344 piorum
1043 2314 1050 2334 :
1079 2306 1133 2334 tle.
1160 2304 1216 2334 the
1241 2304 1319 2333 four
1346 2304 1510 2334 elements
1525 2316 1531 2333 ε

882 2353 982 2383 terra,
1002 2359 1099 2388 aqna,
1116 2351 1183 2384 ab'r,
1201 2349 1296 2386 zsgrm's.
1308 2367 1351 2370 —
1362 2348 1531 2387 quintam

885 2415 892 2421 .
909 2415 916 2421 .
932 2415 939 2421 .
955 2397 1126 2423 naturam
1143 2415 1150 2422 .
1167 2415 1173 2422 .
1191 2415 1197 2421 .
1213 2401 1342 2422 mens:
1368 2392 1531 2421 Aristotle
