1669 2698
205 121 227 159 8
610 123 660 155 M.
691 122 845 154 TVLLI
884 119 1174 154 CICERONIS

205 253 245 287 et
287 246 431 287 stellas
470 244 645 293 vocatis,
685 257 794 297 quae
835 243 1041 295 globosae
1078 248 1119 282 et
1164 241 1383 289 rotundae,
1423 241 1577 282 divinis

203 319 414 358 animatae
458 316 687 364 mentibus,
728 314 908 355 circulos
948 327 1048 353 suos
1091 313 1302 365 orbesque
1344 313 1575 352 conficiunt

205 389 422 429 celeritate
445 387 638 427 mirabili.
705 386 850 439 Quare
874 391 914 425 et
940 384 1029 432 tibi,
1052 383 1183 431 Publi,
1210 390 1251 424 et
1275 383 1355 436 piis
1377 383 1576 423 omnibus

206 460 455 500 retinendus
486 459 653 499 animus
684 464 749 498 est
784 457 826 496 in
858 456 1052 496 custodia
1083 455 1270 507 corporis
1300 467 1379 495 nec
1415 454 1577 495 iniussu

205 531 296 572 eius
318 545 341 570 a
364 544 449 583 quo
477 530 546 570 ille
573 528 787 582 estvobis
811 529 937 568 datus
965 541 1016 567 ex
1043 525 1264 566 hominum
1288 526 1374 565 vita
1397 526 1578 578 migran-

204 604 305 642 dum
325 609 403 650 est,
420 615 474 641 ne
492 614 649 641 munus
667 600 903 639 humanum
922 597 1195 650 adsignatum
1213 610 1237 636 a
1255 597 1335 637 deo
1357 597 1578 649 defugisse

204 673 442 715 videamini.
510 673 596 713 Sed
622 671 691 719 sic,
720 670 876 723 Scipio,
901 677 946 710 ut
973 683 1078 709 avus
1101 668 1170 708 hic
1195 675 1308 716 tuus,
1332 675 1379 708 ut
1403 681 1483 720 ego
1505 667 1577 720 qui

204 753 248 785 te
271 745 411 797 genui,
437 744 640 784 iustitiam
670 743 760 783 cole
788 749 828 782 et
858 741 1073 794 pietatem,
1099 753 1208 792 quae
1231 753 1327 779 cum
1357 728 1513 792 magna
1534 739 1576 778 in

205 817 453 870 parentibus
477 823 518 856 et
543 814 802 868 propinquis,
824 820 915 853 tum
940 814 981 852 in
1005 811 1140 864 patria
1164 811 1345 851 maxima
1368 818 1445 850 est.
1514 811 1577 850 Ea

204 889 290 928 vita
312 887 378 928 via
401 894 465 927 est
495 887 536 926 in
565 887 729 927 caelum
754 893 794 926 et
824 885 865 925 in
893 885 1008 924 hunc
1031 890 1201 924 coetum
1225 896 1371 922 eorum
1396 882 1467 934 qui
1495 881 1576 922 iam

204 960 399 999 vixerunt
435 966 475 999 et
513 972 690 1011 corpore
728 958 854 998 laxati
895 956 1010 996 illum
1047 955 1237 995 incolunt
1277 954 1416 994 locum
1450 967 1576 1006 quem

204 1031 346 1071 vides‘
375 1034 481 1085 (erat
505 1037 650 1070 autem
676 1029 709 1068 is
738 1027 1083 1081 splendidissimo
1114 1026 1298 1066 candore
1326 1025 1437 1064 inter
1463 1025 1579 1064 fiam-

206 1117 297 1142 mas
329 1103 465 1142 circus
496 1102 703 1153 elucens),
734 1108 885 1152 ‘quem
916 1112 1002 1146 vos,
1034 1105 1079 1138 ut
1112 1111 1137 1137 a
1169 1097 1306 1137 Graiis
1336 1095 1574 1148 accepistis,

205 1174 352 1214 orbem
376 1173 560 1214 lacteum
584 1170 870 1223 nuncupatis.’

206 1311 285 1342 with
318 1311 476 1346 intellect,
509 1309 550 1340 cf.
581 1310 625 1339 N.
656 1310 700 1338 D.
734 1308 781 1338 ΙΙ,
816 1317 857 1348 39

205 1360 302 1395 atque
336 1355 398 1384 hac
430 1355 553 1384 mnndi
581 1353 757 1383 divinitate
782 1356 857 1391 per-

206 1404 318 1438 specta,
328 1399 503 1429 tribuenda
517 1403 563 1428 est
573 1397 738 1427 sideribus
745 1396 855 1426 eadem

206 1443 377 1479 divinitas,
400 1453 483 1482 quae
501 1452 541 1471 cx
563 1441 778 1470 mobilissima]
795 1445 857 1478 pu-

207 1488 406 1526 rissimaque
413 1486 555 1516 aetheris
560 1489 660 1524 parte
665 1485 858 1523 gignuntur

208 1554 213 1559 .
233 1554 239 1559 .
259 1555 264 1560 .
282 1534 319 1560 ut
337 1541 373 1560 ea
394 1540 520 1570 quoque
540 1530 716 1558 rectissime
735 1532 765 1557 et
785 1528 857 1556 ani-

206 1576 335 1604 mantia
359 1584 423 1603 esse
443 1578 474 1603 et
499 1574 619 1603 sentire
643 1577 740 1611 atque
766 1572 858 1601 inlel-

207 1620 312 1657 lcgere
343 1619 510 1648 clientilus.
524 1636 565 1639 -
580 1616 741 1646 circulos
772 1638 779 1645 .

207 1664 330 1699 orbes,
363 1662 465 1701 ques
495 1662 567 1691 and
596 1660 858 1690 7'1'2'0luli0ns.——

208 1715 322 1746 quare
349 1728 356 1735 .
383 1728 391 1735 .
418 1727 426 1735 .
448 1704 674 1735 videamini:
704 1703 856 1743 opposed

208 1755 244 1779 to
257 1750 313 1780 the
325 1749 475 1779 doctrine
490 1749 562 1778 that
576 1747 703 1778 suicide
717 1747 745 1778 is
759 1747 857 1786 right.

210 1794 291 1824 Man
312 1793 374 1823 has
395 1803 414 1823 a
434 1792 516 1833 duty
538 1802 582 1822 on
607 1791 703 1821 earth
730 1796 764 1820 to
789 1800 859 1830 per-

207 1837 295 1868 form
313 1837 379 1867 and
404 1842 495 1867 must
518 1836 642 1866 remajn
660 1840 694 1865 at
712 1834 763 1864 his
780 1838 858 1874 post

207 1881 274 1912 like
287 1891 307 1912 a
320 1881 445 1911 soldier
459 1891 502 1910 on
517 1879 641 1920 guard;
659 1878 701 1909 cf.
723 1879 814 1908 Tusc.
831 1878 857 1908 I.

209 1934 248 1963 74
266 1929 352 1955 vetat
372 1949 378 1954 .
403 1948 409 1954 .
433 1948 439 1954 .

208 1980 265 1999 suo
281 1970 468 2008 demigyare
513 1968 552 1998 dc
564 1968 639 1997 Sen.
655 1975 695 2007 73
708 1970 859 2006 vetatque

210 2014 416 2052 thllagoras
448 2013 580 2041 iniussu
611 2033 617 2039 .
643 2033 649 2039 .
676 2034 681 2040 .
710 2011 764 2039 dei
786 2032 792 2038 .
819 2032 825 2038 .
852 2033 857 2038 .

208 2057 355 2088 decedere
368 2067 379 2091 ,·
408 2056 504 2086 Plato
523 2054 646 2085 phaed.
668 2064 722 2093 pp.
741 2053 792 2089 61,
807 2052 857 2083 62.

210 2101 488 2131 —humanumz
508 2097 652 2128 omitted
668 2097 712 2138 by
730 2097 860 2127 Macro-

209 2143 302 2181 bius;
328 2142 513 2174 bracketed
529 2142 574 2184 by
591 2142 713 2172 Baiter.

253 2187 284 2217 8.
317 2197 422 2224 avus,
444 2187 602 2227 adoptive
621 2184 859 2225 gramlflzther.

210 2232 324 2261 ——hic
344 2254 351 2262 .
371 2254 378 2261 .
399 2254 406 2261 .
424 2236 480 2261 te:
508 2235 589 2260 note
613 2230 670 2259 the
694 2228 861 2268 grouping

210 2275 247 2304 of
259 2284 442 2315 pronouns.
452 2293 495 2297 —
505 2274 707 2314 pietatem:
730 2271 787 2302 the
800 2271 861 2300 fol-

210 2319 335 2358 lowing
362 2319 495 2349 clauses
520 2317 666 2348 indicate
691 2316 748 2346 the
772 2324 861 2345 com-

211 2362 410 2401 prehensive
428 2361 585 2401 meaning
604 2360 640 2391 of
654 2361 762 2399 pietas
781 2358 860 2388 here

212 2416 248 2436 as
266 2406 370 2436 often.
383 2424 424 2428 —
437 2414 575 2445 magna
596 2427 602 2434 .
624 2427 630 2434 .
651 2427 658 2435 .
674 2403 859 2434 maxima:

462 1925 541 1954 dens
557 1925 689 1953 iniussu
706 1923 784 1952 lcinc
802 1930 873 1951 nos·

928 1170 993 1209 Ex
1011 1183 1096 1222 quo
1113 1169 1256 1209 omnia
1269 1167 1370 1207 mihi
1390 1174 1577 1207 contem-

924 1307 1106 1337 chiasmus.
1118 1325 1160 1329 —
1172 1307 1208 1337 in
1226 1307 1458 1347 parentibus,
1474 1307 1510 1335 in
1524 1307 1577 1336 the

924 1362 995 1382 case
1011 1352 1202 1391 cffjvarents.
1215 1369 1257 1372 -—
1269 1351 1305 1380 in
1323 1350 1442 1390 patria
1461 1350 1576 1380 maxi-

926 1405 1007 1425 ma:
1034 1395 1088 1424 for
1103 1394 1224 1434 grades
1239 1394 1275 1424 of
1289 1393 1380 1434 duty,
1395 1393 1436 1423 cf.
1454 1395 1492 1424 de
1512 1394 1574 1432 Qff.

928 1440 953 1469 Ι.
977 1438 1035 1469 160
1052 1443 1089 1468 ut
1097 1440 1216 1478 prima
1233 1437 1364 1478 (zffcia)
1380 1438 1429 1467 dis
1442 1438 1575 1467 immor-

925 1483 1058 1518 talibus,
1076 1483 1217 1512 secunda
1235 1482 1378 1521 patriae,
1399 1482 1496 1511 tertia
1517 1486 1575 1520 pa-

926 1527 1083 1562 rentibus,
1097 1527 1244 1565 deinceps
1251 1526 1422 1565 gradatim
1438 1525 1576 1564 reliquis

926 1571 1125 1606 debeantur;
1147 1570 1220 1600 also
1237 1569 1282 1599 id.
1299 1570 1324 1598 Ι.
1339 1577 1376 1610 57
1393 1581 1399 1606 ;
1426 1568 1575 1598 Lucilius

925 1615 1011 1655 frag.
1022 1614 1144 1655 (virtus
1154 1613 1212 1653 est)
1225 1624 1292 1643 com
1298 1624 1328 1643 m
1334 1613 1394 1643 oda
1402 1617 1575 1652 praeterea

919 1660 1052 1698 patriai
1056 1659 1172 1697 prima
1179 1656 1320 1698 putarem}
1334 1657 1451 1687 deinde
1455 1662 1577 1695 paren-

926 1708 1008 1737 tum,
1022 1703 1119 1733 tertia
1133 1703 1199 1731 iam
1208 1706 1441 1740 postremaque
1453 1704 1576 1730 nostra.

927 1756 1022 1776 —ea
1047 1746 1136 1782 vita,
1160 1746 1238 1775 suclz
1264 1756 1283 1774 a
1306 1745 1368 1785 lise
1388 1755 1425 1774 as
1446 1745 1521 1774 tlu‘s.
1535 1761 1577 1765 —

926 1791 1098 1820 vixerunt
1112 1799 1118 1818 :
1138 1789 1215 1819 with
1230 1788 1296 1818 this
1311 1798 1370 1818 use
1384 1788 1420 1817 of
1433 1788 1490 1818 the
1507 1797 1576 1827 per-

926 1834 1004 1869 fect,
1027 1834 1111 1864 lzave
1132 1833 1244 1862 ceased
1262 1836 1293 1862 lo
1314 1833 1389 1868 live,
1415 1831 1456 1862 cf.
1480 1832 1575 1861 Fam.

928 1878 1025 1907 XIV.
1058 1886 1086 1915 4.
1122 1884 1138 1916 5
1177 1877 1335 1912 viximus,
1365 1875 1553 1916 floruimus
1562 1885 1576 1910 ,-

928 1922 1028 1961 Verg.
1046 1922 1130 1951 Aen.
1156 1920 1201 1950 II.
1225 1927 1287 1960 325
1303 1919 1442 1960 fuimus
1470 1919 1575 1954 Troes,

926 1965 1004 2006 fuit
1019 1965 1135 1995 Ilium.
1147 1982 1190 1985 —
1201 1972 1356 2004 corpore
1373 1963 1507 1993 laxati:
1533 1961 1576 1992 cf.

926 2020 942 2039 e
964 2014 1137 2048 corporum
1159 2008 1279 2038 vinclis
1304 2030 1311 2037 .
1337 2031 1343 2037 .
1369 2030 1375 2036 .
1399 2017 1415 2037 e
1439 2016 1576 2041 carcere,

928 2052 956 2083 6.
968 2071 1011 2075 —
1022 2057 1170 2083 autem:
1193 2061 1248 2081 see
1259 2061 1277 2092 3
1292 2061 1322 2081 n.
1335 2069 1377 2073 —
1388 2050 1575 2086 flammas,

926 2097 980 2126 tlte
1004 2100 1101 2126 stars.
1115 2096 1301 2126 —orbem
1323 2095 1508 2125 lacteum:
1534 2093 1576 2123 cf.

927 2140 1052 2170 excelso
1069 2163 1075 2169 .
1095 2163 1101 2169 .
1121 2162 1126 2168 .
1143 2140 1219 2175 loco,
1237 2148 1270 2179 33
1298 2138 1379 2169 Grk.
1393 2138 1408 2168 ὁ
1420 2137 1576 2174 ’γαλαξίας

927 2193 973 2214 sc.
996 2184 1123 2220 κύκλοςς
1154 2182 1302 2213 Macrob.
1328 2183 1415 2212 Sam.
1436 2182 1522 2220 Scip.
1550 2180 1576 2209 Ι.

932 2236 942 2256 1
953 2235 979 2268 5.
1019 2227 1039 2257 6
1072 2227 1285 2257 Democritus
1321 2224 1440 2266 [dixit]
1478 2226 1578 2254 innu-

928 2281 1038 2300 meras
1050 2271 1161 2300 stellas
1178 2270 1350 2310 brevesque
1359 2279 1409 2298 om
1415 2279 1480 2303 nes,
1494 2277 1577 2307 quae

928 2316 1031 2354 spisso
1068 2318 1176 2344 tractu
1218 2314 1255 2342 in
1296 2323 1402 2343 unum
1443 2316 1575 2345 coactae,

928 2359 1044 2396 spatiis
1070 2367 1153 2397 quae
1177 2357 1416 2395 angustissima
1443 2355 1577 2384 interia-

928 2405 1002 2432 cent
1016 2402 1145 2440 opertis,
1162 2401 1290 2430 vicinae
1306 2399 1368 2429 sibi
1386 2399 1533 2439 undique
1547 2401 1578 2427 et
