1669 2698
163 121 215 169 78
574 123 624 155 M.
654 123 808 155 TVLLI
843 123 1133 156 CICERONIS

163 245 446 299 Lysimachus
496 259 569 285 rex
613 258 784 285 crucem
832 244 1078 292 minaretur,
1122 245 1285 294 ‘Istis,
1334 248 1538 299 qnaeso‘

161 315 309 368 inquit,
349 316 471 357 ‘ista
507 316 775 356 horribilia
809 316 1046 356 minitare
1079 318 1373 369 purpuratis
1413 319 1539 368 tuis;

740 387 865 427 nihil
932 388 1147 428 interest
1210 388 1414 430 humine
1479 403 1538 430 an

730 459 862 499 Cuius
891 460 970 498 hoc
999 458 1114 498 dicto
1137 460 1370 500 admoneor
1398 467 1443 500 ut
1470 461 1538 500 ali-

160 388 414 428 Theodori
477 388 676 441 quidem

160 460 373 499 sublime
406 460 669 511 putescat.’

158 532 258 584 quid
289 530 415 571 etiam
447 532 499 571 de
532 530 780 570 humatione
812 537 852 570 et
885 531 1106 582 sepultura
1138 530 1366 571 dicendum
1401 532 1540 572 existi-

159 617 283 650 mem,
305 616 393 643 rem
418 617 503 643 non
529 602 756 650 difficilem,
785 602 833 642 iis
856 602 1107 654 praesertim
1133 602 1327 655 cognitis,
1353 617 1461 655 quae
1484 605 1537 644 de

158 674 261 714 nihil
286 675 510 715 sentiendo
537 674 664 726 paulo
691 681 791 713 ante
815 674 929 713 dicta
956 681 1066 713 sunt.
1137 674 1205 714 De
1227 688 1311 727 qua
1335 675 1536 716 Socrates

157 746 328 799 quidem
352 746 451 798 quid
477 745 657 786 senserit
681 753 857 798 apparet
884 745 925 785 in
949 760 999 785 eo
1024 746 1129 786 libro
1162 746 1204 785 in
1236 760 1320 798 quo
1343 748 1535 795 moritur,

84 831 143 862 103
158 819 210 859 de
237 832 320 870 quo
349 817 429 858 iam
461 825 548 857 tarn
577 818 711 857 multa
743 817 935 857 diximus.
1005 818 1114 858 Cum
1148 818 1261 858 enim
1289 819 1341 858 de
1369 818 1535 858 immor-

157 889 321 930 talitate
349 890 585 929 animorum
614 888 919 940 disputavisset
951 896 991 928 et
1021 889 1102 929 iam
1131 890 1339 930 moriendi
1363 897 1534 942 tempus

158 968 342 1013 urgeret,
382 967 558 1013 rogatus
601 974 624 1000 a
665 960 842 1001 Critone
880 974 1007 1012 quem
1052 961 1104 1001 ad
1147 962 1322 1001 modum
1366 961 1535 1013 sepeliri

156 1033 297 1080 vellet,
364 1032 595 1072 ‘Multam
659 1031 802 1072 vero'
871 1031 1006 1084 inquit
1068 1040 1305 1084 ‘operam‚
1373 1032 1531 1081 amici,

155 1105 347 1144 frustra
397 1103 702 1156 consumpsi.
791 1102 991 1143 Critoni
1040 1103 1168 1144 enim
1218 1110 1393 1144 nostro
1435 1118 1532 1145 non

155 1175 385 1228 persuasi
429 1189 502 1215 me
545 1175 662 1215 hinc
703 1174 1021 1215 avolaturum
1065 1189 1227 1228 neque
1271 1175 1365 1216 mei
1403 1176 1533 1228 quic-

155 1261 297 1299 quam
342 1247 648 1288 relicturum.
720 1247 905 1286 Verum
949 1254 1129 1295 tamen,
1173 1248 1325 1294 Crito,
1373 1247 1414 1287 si
1457 1261 1533 1288 me

154 1318 364 1371 adsequi
413 1318 641 1370 potueris
691 1325 776 1358 aut
828 1317 992 1357 sicubi
1041 1326 1260 1358 nanctus
1312 1318 1424 1367 eris,
1478 1325 1530 1358 ut

155 1389 248 1429 tibi
284 1390 554 1437 videbitur,
587 1389 819 1441 sepelito.
886 1389 1002 1437 Sed,
1039 1389 1158 1429 mihi
1192 1390 1353 1437 crede,
1386 1403 1531 1430 nemo

153 1475 229 1501 me
262 1468 500 1507 vestrum,
540 1475 647 1501 cum
684 1460 800 1500 hinc
835 1473 1115 1509 excessero,
1154 1462 1528 1514 consequetur.’

155 1533 372 1572 Praeclare
417 1533 456 1572 id
501 1532 685 1585 quidem,
732 1530 803 1583 qui
851 1538 893 1571 et
938 1532 1074 1572 amico
1117 1533 1356 1585 permiserit
1396 1540 1438 1573 et
1484 1547 1530 1574 se

78 1615 137 1645 104
152 1604 388 1644 ostenderit
428 1605 481 1644 de
519 1604 599 1644 hoc
637 1611 730 1643 toto
767 1616 926 1655 genere
961 1603 1065 1644 nihil
1100 1597 1301 1644 laborare.
1370 1604 1528 1644 Durior

152 1713 292 1733 manner
309 1703 345 1733 of
362 1703 413 1734 his
431 1702 532 1733 death
546 1713 602 1733 are
620 1703 802 1733 unknown.

150 1765 193 1769 —
209 1747 484 1786 Lysimachus:
508 1747 591 1787 king
608 1747 644 1777 of
661 1747 803 1777 Thrace.

150 1791 287 1821 —istis
304 1814 310 1820 .
328 1815 335 1820 .
353 1814 359 1820 .
375 1792 468 1821 ista:
490 1801 546 1821 see
565 1800 600 1831 51
624 1801 654 1820 n.
667 1810 705 1812 —
720 1801 803 1830 pur-

151 1835 307 1874 puratis,
326 1835 718 1874 courticrs.—quidem‚
737 1835 802 1864 hut.

150 1879 356 1909 —humine
374 1902 380 1908 .
398 1902 404 1908 .
422 1902 428 1908 .
445 1879 627 1909 sublime:
654 1878 694 1908 cf.
717 1879 801 1908 Piut.

150 1922 274 1952 Afforal.
292 1932 322 1962 p.
341 1931 404 1962 499
424 1923 501 1960 ὑπὲρ
523 1924 582 1959 ’γῆς
604 1920 623 1959 ἢ
649 1922 706 1951 ὑπὸ
723 1924 801 1959 Ὑῆς;

150 1965 218 1996 and
236 1966 364 1996 Seneca
385 1967 423 1996 de
451 1967 576 2006 Tranq.
598 1975 645 2003 14.
666 1975 681 1995 2
700 1971 801 2004 supra

149 2014 274 2041 terram
295 2021 340 2039 an
360 2010 737 2050 infra—admoneor
761 2015 801 2040 ut

222 2077 229 2083 .
255 2054 490 2084 existimem:
517 2064 536 2083 a
552 2054 691 2094 simplex·
712 2053 801 2083 form

150 2097 261 2127 would
283 2098 369 2128 have
393 2098 477 2128 been
498 2098 678 2128 admoneor
696 2098 801 2127 dicen-

149 2142 227 2171 dum
249 2152 322 2177 esse,
340 2152 378 2171 or
393 2152 423 2171 a.
442 2146 479 2171 ut
498 2142 670 2171 dicam.—
682 2141 801 2181 sepul-

150 2190 244 2222 tura,
267 2185 414 2224 funeml
450 2187 536 2215 ritas.
554 2204 596 2207 —-
612 2194 691 2215 rem
725 2194 800 2215 non

150 2229 345 2259 difficilem
360 2238 366 2258 :
385 2229 416 2258 in
434 2229 628 2269 apposition
647 2228 725 2259 with
743 2229 800 2258 the

150 2272 263 2302 clause
278 2273 417 2312 aliquid
434 2296 440 2302 .
458 2296 464 2302 .
482 2296 488 2302 .
503 2273 726 2310 dicendum;
744 2282 800 2303 see

153 2315 292 2355 Madvig
316 2326 376 2346 220
400 2316 481 2347 obs.
503 2317 692 2357 3.—nihi1
717 2326 801 2347 sen-

151 2359 289 2396 tiendo,
307 2361 381 2390 lach
404 2361 444 2400 (gf
460 2361 698 2390 cmlsciousness
712 2371 722 2393 ,·
747 2361 764 2389 i.
775 2370 798 2389 e.

151 2402 209 2433 the
225 2403 399 2433 condition
417 2403 453 2433 of
478 2403 535 2434 the
551 2404 637 2440 soul,
656 2404 680 2433 if
697 2403 799 2434 death

873 1702 957 1733 ends
989 1703 1147 1734 all—in
1177 1713 1221 1734 eo
1249 1703 1364 1734 libro:
1401 1704 1528 1734 Plato’s

873 1747 1006 1777 Phacdo
1017 1758 1047 1787 p.
1061 1756 1071 1776 1
1083 1757 1093 1776 1
1106 1756 1156 1788 5c.
1167 1748 1254 1777 —in
1265 1757 1338 1787 quo
1351 1747 1525 1778 moritur:

871 1792 925 1821 Le.
942 1792 978 1820 in
996 1802 1059 1831 quo
1076 1802 1164 1821 mors
1180 1792 1251 1821 eins
1269 1796 1444 1821 narratur.

917 1834 991 1864 103.
1028 1835 1202 1865 Critone:
1238 1845 1295 1865 see
1326 1836 1451 1866 educi.
1482 1859 1488 1864 .
1518 1858 1524 1864 .

870 1880 1029 1915 custodia,
1044 1888 1078 1917 71
1098 1888 1288 1916 n.—ver0‚
1302 1880 1415 1918 surely
1423 1889 1437 1915 ;
1459 1879 1526 1909 this

870 1933 1017 1962 passage
1051 1923 1078 1953 is
1118 1923 1304 1953 translated
1341 1922 1430 1952 from
1469 1923 1526 1953 the

873 1967 1012 1996 Phaedo.
1022 1985 1065 1988 —
1073 1972 1235 1997 nanctus
1248 1967 1334 2003 eris,
1343 1967 1437 1996 slzall
1446 1969 1525 1997 acci-

869 2011 1020 2050 dentally
1036 2011 1121 2050 find
1144 2022 1204 2040 me.
1222 2029 1265 2032 —
1278 2010 1370 2040 mihi
1393 2011 1523 2040 crede:

869 2054 911 2083 cf.
953 2062 1002 2094 75.
1020 2073 1063 2077 —
1080 2054 1271 2094 praeclare
1315 2054 1351 2084 id
1370 2063 1378 2084 z
1420 2064 1465 2085 sc.
1503 2065 1524 2084 a

869 2099 1002 2128 Socrate
1017 2103 1065 2128 cst
1078 2099 1267 2129 dictum.-—
1278 2098 1352 2138 qui,
1370 2099 1459 2128 since
1475 2098 1523 2128 lte.

868 2142 965 2172 —-de
990 2143 1062 2173 hoc
1089 2165 1096 2172 .
1124 2165 1131 2172 .
1159 2165 1166 2172 .
1191 2142 1373 2179 laborare,
1391 2142 1464 2171 tlzat
1485 2143 1525 2172 lze

869 2186 938 2215 took
955 2196 996 2215 710
1014 2187 1137 2224 special
1152 2187 1289 2215 interest
1302 2187 1339 2215 in
1356 2185 1525 2225 anytln‘ng

869 2230 910 2270 of
918 2230 983 2259 this
1000 2230 1092 2259 kind.

916 2271 985 2303 104.
1026 2273 1152 2304 durior
1204 2273 1398 2313 Diogenes
1417 2281 1425 2301 :
1476 2282 1521 2302 sc.

868 2317 970 2357 fuit,·
1011 2317 1185 2356 Diogenes
1221 2317 1258 2347 of
1296 2316 1432 2355 Sinope,
1465 2316 1522 2346 the

870 2360 975 2400 Cynic
1014 2360 1245 2400 philosopher,
1278 2359 1367 2390 lived
1404 2365 1439 2390 to
1478 2369 1521 2389 an

868 2403 1043 2434 advanced
1071 2413 1133 2444 age
1160 2403 1228 2434 and
1255 2403 1420 2445 probably
1445 2402 1522 2433 died
