1669 2698
92 604 132 634 44

117 1480 123 1487 ·
160 1451 307 1492 scendi
352 1449 628 1502 cupiditatem
673 1448 847 1487 dabunt.

161 109 213 160 36
568 112 617 144 M.
648 111 801 145 TvLLi
836 111 1126 144 CICERONIS

159 236 270 276 enim
304 235 368 275 sui
399 235 577 275 similem
609 241 651 274 et
682 234 899 274 levitatem
927 240 967 273 et
1002 234 1185 274 calorem
1209 234 1404 286 adethS,
1428 241 1532 274 tam-

158 321 284 360 quam
315 307 486 359 paribus
518 305 784 346 examinatus
815 305 1074 357 ponderibus
1104 305 1263 345 nullam
1296 305 1335 344 in
1366 313 1529 358 partem

159 386 368 426 movetur,
403 391 536 430 eaque
570 377 607 417 ei
641 378 810 417 demum
847 376 1052 416 naturalis
1086 383 1148 416 est
1182 378 1317 424 sedes,
1353 391 1447 417 cum
1479 379 1530 417 ad

160 451 224 490 sui
258 450 393 490 simile
426 448 694 501 penetravit3
734 449 775 487 in
809 462 892 500 quo
926 448 1041 487 nulla
1076 461 1119 487 re
1153 461 1286 500 egens
1318 449 1454 489 aletur
1489 456 1529 489 et

160 521 473 562 sustentabitur
520 520 654 560 isdem
699 519 826 559 rebus
871 519 1025 571 quibus
1068 526 1184 558 astra
1232 527 1531 560 sustentantur

158 601 200 634 et
233 593 418 632 aluntur.
486 592 682 643 Cumque
711 590 899 641 corporis
928 589 1094 629 facibus
1124 590 1375 631 inflammari
1404 592 1533 631 solea-

158 679 254 705 mus
292 665 344 704 ad
387 662 526 702 omnis
564 662 655 702 fere
694 661 949 713 cupiditates
990 675 1126 713 eoque
1168 662 1305 714 magis
1349 662 1528 709 incendi,

158 737 270 789 quod
312 735 359 775 iis
397 734 660 774 aemulemur
697 733 769 785 qui
806 747 853 773 ea
889 734 1073 773 habeant
1115 747 1223 785 quae
1258 747 1336 774 nos
1375 734 1532 773 habere

160 807 392 860 cupiamus,
416 805 610 858 profecto
641 804 754 844 beati
787 804 944 844 erimus
976 818 1071 844 cum
1099 804 1348 856 'corporibus
1373 805 1531 844 relictis

159 887 200 920 et
233 877 513 931 cupiditatum
544 884 585 916 et
618 876 951 916 aemulationum
977 876 1134 916 erimus
1159 884 1355 928 expertes
1375 890 1383 924 ;
1404 877 1534 928 quod—

158 964 241 1003 que
271 963 386 990 nunc
416 948 611 995 facimus,
637 961 732 987 cum
765 947 889 987 laxati
921 947 1033 987 curis
1067 961 1228 995 sumus,
1260 954 1304 987 ut
1338 955 1533 999 spectare

159 1023 315 1074 aliquid
342 1020 522 1061 velimus
546 1026 587 1059 et
612 1019 760 1066 visere,
786 1019 827 1059 id
851 1019 987 1058 multo
1013 1026 1103 1058 tum
1129 1019 1335 1059 faciemus
1361 1018 1531 1058 liberius

158 1101 359 1145 totosque
398 1105 476 1131 nos
515 1091 556 1130 in
594 1090 934 1142 contemplandis
974 1090 1103 1130 rebus
1141 1090 1532 1142 perspiciendisque

160 1178 381 1218 ponemus,
418 1170 643 1216 propterea
682 1162 795 1214 quod
830 1168 870 1201 et
909 1168 1061 1201 natura
1095 1161 1204 1201 inest
1240 1162 1280 1200 in
1315 1161 1532 1201 mentibus

161 1236 318 1277 nostris
342 1234 591 1276 insatiabilis
614 1235 820 1286 quaedam
848 1234 1058 1285 cupiditas
1076 1233 1165 1272 veri
1182 1231 1351 1272 videndi
1374 1238 1414 1271 et
1435 1245 1533 1272 orae

161 1310 275 1362 ipsae
298 1309 488 1348 locorum
513 1307 691 1352 illorum,
718 1318 802 1357 quo
831 1304 1162 1356 pervenerimus,
1189 1317 1273 1355 quo
1300 1303 1531 1343 faciliorem

159 1381 282 1421 nobis
310 1379 597 1431 cognitionem
626 1390 766 1416 rerum
793 1375 1054 1423 caelestium,
1079 1389 1128 1414 co
1155 1376 1356 1415 maiorem
1382 1388 1534 1426 cogno-

932 1447 1055 1486 Haec
1106 1446 1216 1486 enim
1262 1445 1533 1497 pulchritudo

160 1524 286 1564 etiam
312 1522 353 1562 in
376 1522 501 1562 terris
526 1519 768 1572 ‘patritam'
797 1519 907 1558 illam
935 1525 999 1557 ‘et
1029 1518 1214 1564 avitam,'
1240 1524 1286 1556 ut
1314 1518 1369 1556 ait
1397 1517 1534 1557 Theo-

159 1595 374 1647 phrastus,
411 1591 720 1645 philosophiam
756 1589 1013 1642 cognitionis
1048 1588 1280 1640 cupiditate
1316 1587 1532 1628 incensam

160 1688 242 1718 Crit.
269 1688 357 1727 App.
375 1691 630 1726 —tamquam
659 1685 812 1724 paribus

161 1755 169 1762 .
196 1755 203 1761 .
231 1755 238 1762 .
264 1731 505 1771 ponderibus,
531 1742 567 1759 as
591 1730 627 1769 Is
646 1730 812 1762 balanced,

158 1777 206 1805 ἡκ.
217 1776 330 1814 puiset!
340 1777 376 1804 in
390 1775 615 1814 equililu‘imn.
626 1791 667 1794 —
676 1772 812 1812 quibus

160 1825 261 1850 astra
280 1842 288 1849 .
308 1841 315 1848 .
335 1841 342 1848 .
361 1819 530 1849 aluntur:
571 1817 612 1847 cf.
633 1818 676 1846 N.
696 1817 740 1845 D.
766 1816 811 1845 II.

163 1864 221 1893 118
257 1867 337 1892 sltut
377 1867 484 1892 autem
530 1862 644 1890 stellae
687 1864 811 1889 namra

159 1908 339 1947 flammeae
353 1917 363 1941 ,·
389 1906 539 1945 quocirca
563 1909 677 1939 terrae,
696 1905 811 1938 maris,

158 1961 324 1991 aquarum
365 1949 542 1989 vaporibus
579 1949 722 1978 aluntur
760 1949 811 1981 iis,

159 1996 219 2035 qui
233 2006 252 2024 a
275 1995 338 2023 sole
359 2005 400 2024 ex
422 1993 513 2032 agris
536 1992 700 2032 sepejilctis
723 1996 753 2020 et
771 2002 811 2020 ex

158 2040 255 2078 aquis
271 2039 468 2071 enitantur,
487 2037 604 2076 quihus
620 2037 707 2065 altae
724 2045 812 2064 reno-

158 2087 316 2121 vataeque
335 2082 446 2111 stellae
462 2085 559 2120 atque
575 2080 682 2109 omnis
701 2080 813 2108 aether

159 2126 348 2166 raefitnclnnt
376 2125 484 2155 eadem
518 2129 548 2154 et
579 2133 715 2153 rursum
749 2127 813 2152 tra-

159 2170 178 2199 lz
185 2175 247 2199 unt
269 2169 428 2198 indidem.

203 2213 257 2242 44.
293 2212 460 2252 corporis
485 2212 653 2242 facibus:
680 2211 727 2239 i.e.
746 2220 811 2239 cor-

152 2259 247 2295 poris
301 2257 535 2286 incitamentis.
553 2274 593 2277 —
612 2254 710 2294 quod
765 2254 811 2283 iis

160 2300 406 2335 aemulemur,
417 2300 546 2328 because
557 2309 604 2328 we
611 2308 693 2336 envy
702 2298 788 2327 those
800 2307 810 2329 ,-

160 2343 237 2372 with
252 2343 308 2373 the
319 2343 510 2372 accusative
518 2342 685 2372 aemulari
694 2351 810 2371 means

159 2391 188 2416 to
207 2388 297 2415 rival
312 2387 343 2415 in
362 2396 381 2415 a
397 2386 487 2424 good
506 2390 719 2416 sense—ut
743 2408 749 2414 .
772 2407 779 2414 .
803 2407 809 2413 .

882 1682 1044 1713 velimus
1061 1691 1067 1711 :
1095 1681 1151 1711 the
1168 1681 1283 1711 clause
1300 1681 1327 1711 15
1349 1681 1380 1710 111
1405 1681 1534 1720 apposi-

884 1727 954 1756 tion
978 1726 1053 1756 with
1080 1726 1179 1765 quod
1202 1725 1237 1754 in
1255 1725 1429 1764 quodque
1456 1748 1463 1754 .
1491 1747 1498 1754 .

882 1771 1055 1801 facimus.
1069 1769 1264 1799 —viserez
1290 1769 1347 1799 the
1367 1769 1532 1798 intensive

880 1815 917 1844 of
934 1815 1291 1852 videta—totosque
1318 1835 1326 1842 .
1353 1835 1360 1841 .
1387 1835 1394 1842 .
1421 1821 1534 1852 pone-

882 1867 979 1894 mus,
1007 1858 1081 1887 and
1109 1857 1201 1886 shall
1232 1857 1341 1887 devote
1371 1857 1534 1886 ourselves

880 1902 1004 1941 wholly
1021 1906 1213 1931 t0.-—orae
1240 1923 1247 1929 .
1275 1923 1282 1929 .
1310 1923 1317 1929 .
1342 1899 1531 1930 locorum:

880 1946 985 1976 about
1040 1945 1233 1984 equivalent
1288 1948 1323 1973 to
1378 1945 1532 1983 regiones,

881 1991 1019 2029 regions.

923 2032 979 2062 45.
1013 2033 1107 2063 haec
1127 2055 1134 2062 .
1151 2055 1158 2062 .
1175 2055 1181 2062 .
1203 2031 1459 2072 pulchritudo:
1481 2032 1532 2060 tle.

880 2078 1002 2107 harum
1022 2075 1238 2115 (caelestium)
1255 2086 1367 2105 rerum
1380 2075 1533 2114 pulchri-

881 2122 966 2150 tudo.
985 2138 1027 2142 —
1045 2120 1221 2160 patritam
1252 2142 1260 2150 .
1291 2142 1298 2149 .
1329 2142 1336 2149 .
1369 2118 1532 2159 philoso-

881 2165 1031 2204 phiam:
1066 2164 1229 2203 referring
1253 2168 1288 2193 to
1315 2162 1441 2192 Thales
1466 2161 1532 2191 and

881 2208 937 2238 the
955 2208 1045 2248 early
1061 2208 1183 2237 Ionian
1201 2207 1439 2247 philosophers
1456 2206 1531 2236 who

879 2252 1004 2291 sought
1023 2257 1057 2281 to
1072 2252 1204 2291 explain
1223 2251 1280 2281 the
1298 2250 1403 2290 origin
1422 2249 1459 2279 of
1475 2249 1532 2279 the

881 2296 1045 2325 universe.
1095 2297 1149 2324 On
1167 2295 1357 2334 patritam,
1375 2303 1432 2324 see
1450 2293 1531 2323 Crit.

880 2340 968 2379 App.
986 2358 1028 2361 —
1047 2339 1353 2378 Theophrastus:
1423 2337 1533 2368 Theo-

879 2383 1038 2423 phrastus
1055 2382 1092 2412 of
1115 2383 1239 2412 Eresus
1258 2382 1292 2411 in
1317 2380 1447 2411 Lesbos
1464 2390 1533 2412 was
