1669 2698
216 140 266 168 IO
614 134 663 165 M.
694 133 847 165 TVLLI
885 133 1176 165 CICERONIS

208 256 314 295 deus
341 269 491 296 arcens
519 263 559 296 et
588 256 814 295 continens
842 262 1036 303 ceteros;
1070 254 1111 294 in
1139 269 1224 307 quo
1251 261 1351 295 sunt
1380 254 1497 294 infixi
1523 254 1582 295 illi

209 326 280 379 qui
306 327 535 366 volvuntur
563 327 781 366 stellarum
814 340 964 366 cursus
995 326 1271 378 sempiterni;
1303 325 1372 366 cui
1398 325 1581 366 subiecti

209 405 309 439 sunt
340 405 520 451 septem,
551 397 622 450 qui
651 404 877 437 versantur
911 404 1025 438 retro
1056 397 1269 437 contrario
1300 404 1420 437 motu
1450 404 1581 450 atque

209 470 399 519 caelum;
434 483 483 510 ex
510 470 664 521 quibus
695 482 827 508 unum
854 469 1031 521 globum
1062 468 1252 521 possidet
1285 468 1354 509 illa
1379 482 1507 521 quam
1536 468 1580 507 in

208 542 330 582 terris
352 541 594 582 Saturniam
614 539 847 580 nominant.
916 540 1086 580 Deinde
1102 546 1167 580 est
1188 539 1409 579 hominum
1433 539 1581 592 generi

207 626 437 665 prosperus
465 619 505 651 et
535 610 732 652 salutaris
761 610 828 651 ille
855 611 997 663 fulgor
1024 610 1097 663 qui
1123 610 1279 650 dicitur
1313 611 1454 660 Iovis;
1486 618 1578 650 tum

207 684 357 724 rutilus
381 683 679 735 horribilisque
701 682 827 723 terris
851 695 977 734 quem
1004 682 1208 721 Martium
1226 682 1366 722 dicitis
1385 696 1394 731 ;
1426 682 1580 722 deinde

207 757 355 795 subter
374 756 555 795 mediam
575 755 666 795 fere
689 755 906 806 regionem
927 754 989 793 sol
1008 753 1186 801 obtinet,
1207 754 1292 793 dux
1315 760 1357 794 et
1380 753 1579 805 princeps

206 834 246 867 et
278 827 521 867 moderator
549 825 757 865 luminum
788 825 1058 877 reliquorum,
1085 839 1208 865 mens
1235 823 1384 864 mundi
1407 830 1448 864 et
1475 831 1581 864 tem-

205 899 378 951 peratio,
404 904 523 937 tanta
550 896 845 949 magnitudine
872 903 917 935 ut
949 903 1105 936 cuncta
1131 910 1207 936 sua
1233 896 1328 936 luce
1355 896 1507 935 lustret
1536 902 1578 935 et

205 970 428 1022 compleat.

203 1068 324 1098 autem,
341 1067 379 1092 ut
401 1063 506 1092 multa
526 1063 710 1101 praeclare,
731 1062 776 1092 sic
799 1061 857 1091 ltoc

204 1108 343 1137 breviter
354 1117 364 1136 .·

211 1161 302 1189 Vides
329 1161 458 1188 sublimi*
477 1159 602 1197 sdsum,
627 1160 855 1187 inmmlcmtnm

320 1199 454 1233 afflatur,

207 1237 270 1273 Qui
296 1237 416 1265 lbrram
444 1242 546 1264 tenero
571 1237 769 1264 circumierim
796 1246 857 1263 am-

314 1276 466 1313 plectitur
474 1286 481 1302 .·

205 1315 304 1342 Hunc
324 1314 480 1341 szfmmnm
504 1314 608 1341 halvcto
631 1313 748 1347 divum,
771 1313 857 1340 hunc

314 1351 468 1390 pcrllil’cftf
485 1352 589 1379 lovem.

204 1412 390 1434 ——arcens
410 1426 416 1432 .
437 1425 444 1432 .
464 1426 472 1432 .
491 1407 658 1432 ceteros:
685 1401 726 1431 cf.
745 1402 789 1431 Ν.
809 1403 854 1431 D.

207 1448 254 1477 II.
285 1456 338 1476 101
369 1451 469 1476 restat
494 1447 633 1475 ultimus
658 1450 687 1475 et
710 1457 729 1475 a
756 1446 855 1475 domi-

205 1492 293 1521 ciliis
314 1492 435 1520 nostris
453 1491 638 1520 altissimus
658 1490 770 1518 omnia
789 1490 856 1518 cin-

199 1546 281 1575 gens
312 1540 342 1564 el
368 1544 515 1564 coercens
545 1534 628 1563 caeli
657 1533 855 1572 complexus,

204 1580 264 1619 qui
284 1579 367 1609 idem
397 1578 512 1608 aether
535 1581 680 1611 vocatur,
706 1581 855 1606 extrema

205 1634 262 1652 ora
287 1627 317 1652 et
334 1622 565 1652 determinatio
589 1621 718 1655 mnndi,
738 1622 774 1649 iu
794 1631 857 1659 quo

204 1677 276 1696 cum
299 1666 558 1696 admirabilitate
574 1665 726 1694 maxima
744 1665 857 1703 lgrneae

195 1712 332 1751 fernme
353 1720 471 1739 cursus
491 1710 658 1738 ordinatos
680 1708 855 1748 daefiniunt.

205 1773 247 1776 —
261 1759 429 1793 septem:
456 1763 500 1783 sc.
521 1753 617 1791 globi.
632 1752 749 1792 —qui
776 1761 856 1782 ver-

206 1803 335 1828 santur
350 1820 357 1827 .
374 1820 382 1827 .
398 1820 405 1826 .
424 1797 583 1833 caelum,
601 1797 708 1826 which
729 1797 858 1826 rcvolm⁷

205 1843 241 1871 in
259 1853 277 1871 a
295 1842 453 1871 direction
468 1842 606 1879 opposite
623 1845 654 1869 to
670 1840 744 1869 that
756 1840 796 1880 of
804 1840 858 1869 the

205 1887 371 1921 honrem,-
397 1889 477 1914 note
502 1884 559 1914 the
586 1894 645 1914 use
669 1884 706 1913 of
731 1889 856 1924 atque.

206 1930 280 1960 The
303 1939 405 1960 seven
428 1929 566 1968 spheres
589 1927 657 1958 had
682 1938 702 1958 a
726 1928 856 1957 motion

206 1973 243 2003 of
271 1973 356 2004 their
382 1983 458 2003 own
483 1972 571 2002 from
600 1977 681 2002 west
715 1977 751 2001 to
784 1976 857 2001 east

208 2018 321 2057 (retro
365 2017 566 2055 contrario)
610 2016 756 2054 through
801 2016 858 2045 the

206 2062 298 2101 signs
316 2060 352 2090 of
369 2060 426 2090 the
445 2060 578 2096 zodiac;
604 2060 683 2100 they
700 2060 772 2089 also
790 2058 856 2088 had

206 2115 247 2135 an
271 2109 434 2144 apparent
459 2104 588 2134 motion
612 2103 700 2132 from
725 2107 798 2132 east
822 2107 857 2132 to

206 2154 289 2179 west
315 2148 393 2178 with
421 2148 478 2178 the
505 2147 636 2177 diurnal
665 2146 857 2176 revolution

206 2193 243 2222 of
281 2192 338 2222 the
381 2192 540 2226 heavens,
585 2201 623 2220 or
668 2194 858 2220 outermost

206 2236 346 2276 sphere;
372 2235 414 2265 cf.
440 2234 590 2265 Macrob.
613 2235 700 2264 Som.
719 2234 806 2272 Scip.
832 2233 858 2263 I.

210 2280 257 2310 18.
292 2289 308 2310 2
337 2281 435 2310 solem
467 2290 504 2308 ac
539 2280 656 2308 lunam
690 2282 722 2307 et
750 2278 860 2306 stellas

206 2326 353 2364 quinque
378 2347 383 2352 .
411 2346 416 2351 .
444 2327 606 2361 .j³raetcr
636 2321 725 2361 qnod
752 2331 857 2350 secum

207 2369 311 2397 trahil
345 2368 384 2397 ab
415 2371 489 2396 ortu
525 2367 560 2395 in
597 2375 743 2394 occasum
778 2365 860 2394 coeli

208 2412 334 2441 diurna
373 2410 546 2443 conversio,
580 2410 650 2447 ipsa
683 2418 740 2437 suo
771 2412 859 2437 motu

497 969 626 1008 Hunc
646 975 691 1008 ut
711 967 890 1008 comites
911 975 1235 1020 consequuntur
1252 966 1435 1008 Veneris
1457 967 1578 1014 alter,

926 1062 964 1090 in
989 1062 1146 1091 orientem
1171 1061 1211 1090 ab
1231 1061 1390 1091 occidente
1404 1060 1579 1099 procedere

927 1128 933 1133 .
953 1129 958 1134 .
979 1129 984 1134 .
1002 1115 1117 1134 verum
1136 1115 1201 1134 esse
1217 1104 1376 1135 constabit
1384 1114 1397 1139 ;
1422 1104 1494 1133 also
1513 1103 1576 1133 Ov.

925 1149 1004 1178 Met.
1026 1149 1073 1178 11.
1092 1158 1132 1187 70
1149 1148 1184 1178 ff.

924 1208 1017 1235 Adde
1036 1208 1119 1245 quod
1136 1208 1266 1235 airicl'dna
1287 1209 1414 1245 rapitur
1431 1208 1580 1243 vertigine

1041 1247 1169 1280 caelum,

925 1285 1100 1321 Sideraque
1125 1285 1191 1312 alsa
1212 1285 1311 1311 trahit
1332 1285 1480 1320 ostrique
1499 1283 1579 1310 volu-

1040 1325 1123 1350 mine
1136 1327 1263 1359 forqsrcl.

1023 1383 1028 1388 .
1069 1365 1096 1388 ct
1130 1362 1241 1398 rapido
1269 1362 1449 1388 contrarius
1475 1360 1580 1387 evehor

1040 1400 1114 1427 orbi.

924 1450 1039 1480 —illa
1058 1459 1193 1490 quam:
1221 1450 1386 1480 Meissner
1403 1449 1500 1480 reads
1517 1450 1578 1479 illa

924 1495 1017 1523 stella
1035 1505 1146 1534 quom,
1164 1499 1322 1535 contrary
1335 1498 1371 1524 to
1389 1493 1445 1523 the
1463 1503 1579 1523 manu-

926 1538 1056 1577 scripts,
1077 1548 1120 1567 on
1147 1538 1203 1567 the
1228 1537 1361 1577 ground
1388 1537 1460 1567 that
1484 1537 1577 1567 stella

925 1581 1025 1612 could
1037 1582 1141 1623 easily
1151 1581 1211 1611 fall
1223 1586 1284 1611 out
1297 1581 1383 1611 after
1396 1581 1469 1618 illa,
1481 1580 1578 1611 while

925 1626 1062 1665 ellipsis,
1076 1626 1110 1655 in
1129 1625 1195 1655 this
1212 1625 1373 1659 instance,
1388 1625 1430 1654 he
1447 1623 1577 1654 consid-

926 1679 978 1699 ers
1003 1669 1494 1709 improbable—prosperus
1514 1691 1520 1697 .
1541 1690 1548 1697 .
1567 1690 1575 1697 .

927 1714 1029 1743 Iovis
1043 1723 1049 1742 ε
1065 1713 1106 1743 cf.
1121 1714 1205 1743 Hor.
1224 1715 1335 1744 Carm.
1349 1713 1395 1742 ΙΙ.
1413 1721 1458 1751 17.
1473 1720 1577 1749 ,τε-24

1201 1772 1242 1800 Tc
1257 1772 1334 1799 lovis
1349 1773 1440 1808 impio

1011 1811 1123 1838 Tutela
1139 1810 1279 1837 Saturno
1295 1810 1453 1846 νςίιιζςεης

1004 1849 1142 1886 Erl'jtnif.

928 1906 1078 1935 subter:
1119 1903 1376 1934 adverb—sol
1403 1925 1410 1933 .
1437 1926 1445 1933 .
1472 1925 1479 1932 .
1505 1903 1579 1933 dux

956 1972 963 1978 .
984 1971 991 1978 .
1012 1948 1246 1978 moderator:
1279 1947 1321 1977 cf.
1354 1948 1445 1977 Tusc.
1476 1947 1502 1976 I.
1528 1945 1578 1976 68.

927 2001 1089 2022 —mens
1129 1991 1278 2022 mundi:
1323 2000 1417 2021 some
1453 1990 1580 2020 editors

927 2045 1087 2075 compare
1105 2036 1237 2070 Milton,
1256 2036 1295 2064 P.
1314 2035 1353 2064 L.
1373 2034 1413 2063 V.
1436 2041 1490 2070 171

929 2096 1018 2122 Thou
1042 2094 1124 2122 Sun!
1154 2094 1185 2121 of
1207 2094 1267 2121 this
1283 2096 1368 2129 great
1392 2092 1485 2120 world
1507 2092 1580 2120 both

1041 2142 1096 2168 eye
1111 2133 1171 2160 and
1187 2132 1263 2160 soul.

928 2188 1230 2228 —temperatioe
1258 2187 1313 2217 for
1341 2187 1398 2216 the
1423 2190 1580 2216 concrete

927 2237 1133 2271 tmperator.
1149 2231 1286 2262 ——luce
1310 2230 1466 2262 lustret:
1499 2229 1581 2259 allit-

928 2276 1077 2311 eration;
1103 2275 1143 2306 cf.
1162 2277 1208 2305 N.
1226 2276 1271 2304 D.
1296 2275 1342 2304 ΙΙ.
1368 2283 1407 2315 92
1432 2274 1578 2304 siderum

956 2344 961 2349 .
981 2343 986 2348 .
1005 2330 1145 2359 quorum
1165 2323 1212 2349 est
1224 2319 1384 2358 princeps
1400 2318 1450 2347 sol
1468 2317 1580 2347 omnia

929 2364 1115 2393 clarissima
1148 2363 1218 2392 lucc
1249 2363 1470 2392 conlustrans.
1485 2364 1580 2391 ——ut

930 2407 1102 2443 comites,
1114 2417 1150 2435 as
1163 2407 1318 2436 satellites
1328 2415 1341 2441 ,·
1359 2405 1401 2435 cf.
1414 2406 1458 2435 Ν.
1471 2405 1517 2434 D.
1535 2404 1579 2433 II.
