1669 2698
156 140 183 179 4
565 132 614 166 M.
646 132 801 166 TVLLI
835 132 1127 166 CICERONIS

156 269 252 296 esse
275 255 316 294 in
342 255 477 308 epulis
501 268 656 295 canere
679 256 881 295 convivas
911 256 965 295 ad
996 255 1213 296 tibicinem
1243 256 1295 296 de
1323 256 1531 295 clarorum

156 327 377 367 hominum
413 327 656 373 virtutibus,
699 328 904 367 honorem
941 334 1086 366 tamen
1124 328 1224 366 huic
1261 326 1408 379 generi
1446 341 1531 367 non

156 399 290 440 fuisse
317 399 502 439 declarat
528 399 664 438 oratio
690 398 878 446 Catonis,
905 399 945 438 in
971 412 1053 450 qua
1078 398 1231 438 obiecit
1257 405 1302 438 ut
1327 398 1530 451 probrum

158 472 216 511 M.
257 470 476 517 Nobiliori,
518 470 633 522 quod
672 469 706 510 is
746 470 787 509 in
826 471 1086 522 provinciam
1125 477 1275 522 poetas
1314 470 1533 518 duxisset;

157 544 333 583 duxerat
353 549 496 582 autem
514 542 663 581 consul
684 541 752 581 ille
769 541 809 581 in
827 542 1058 589 Aetoliam,
1078 548 1121 581 ut
1141 541 1310 589 scimus,
1331 541 1531 582 Ennium.

157 614 256 666 Quo
279 614 420 653 minus
451 614 581 666 igitur
609 614 782 653 honoris
813 620 903 652 erat
934 613 1084 665 poetis,
1119 626 1169 653 eo
1198 612 1363 653 minora
1393 613 1533 652 studia

157 685 343 733 fuerunt,
370 699 450 725 nec
474 692 632 732 tamen,
658 685 692 724 si
715 685 788 737 qui
811 684 978 737 magnis
1010 683 1192 737 ingeniis
1224 685 1264 723 in
1294 698 1345 724 eo
1374 697 1533 737 genere

158 756 431 804 exstiterunt,
460 770 545 796 non
581 755 684 796 satis
719 756 981 796 Graecorum
1013 755 1173 808 gloriae
1204 756 1529 808 responderunt.

159 829 231 867 An
255 841 496 875 censemus,
523 828 557 867 si
583 828 728 874 Fabio,
756 827 1020 867 nobilissimo
1044 827 1216 874 homini,
1243 827 1355 866 laudi
1384 828 1531 867 datum

158 920 269 951 Greek
298 920 385 950 from
418 921 623 956 Tarentum;
658 920 810 951 Naevius

158 975 226 995 was
244 964 328 995 born
347 965 379 994 in
398 965 607 1004 Cainpania;
628 965 760 995 Ennius
777 965 810 994 in

159 1009 336 1045 Calabria3
360 1008 426 1038 and
448 1009 587 1038 Plautus
605 1009 636 1038 in
658 1008 809 1038 Umbria.

157 1062 441 1093 —quamquam
469 1058 537 1088 est,
563 1053 636 1082 and
653 1057 711 1091 yet
733 1054 760 1082 it
783 1054 811 1081 is

156 1098 267 1126 stated.
326 1106 558 1136 quamquam
594 1096 673 1126 here
709 1096 811 1126 intro-

157 1141 261 1171 duces
291 1151 310 1170 a
339 1140 534 1170 concessive
563 1140 677 1170 clause
703 1140 809 1170 which

158 1190 305 1214 corrects
341 1184 397 1214 the
433 1183 614 1224 preceding
649 1189 811 1214 sentence

158 1228 225 1258 and
250 1229 323 1258 also
348 1228 467 1258 stands
494 1228 526 1257 in
555 1228 750 1268 opposition
776 1233 811 1258 to

158 1273 214 1302 the
243 1273 355 1302 clause
383 1273 565 1302 honorem
599 1277 728 1302 tamen
747 1295 754 1302 .
775 1295 782 1301 .
802 1294 809 1302 .

160 1316 328 1346 Catonis.
341 1335 383 1337 —
396 1316 432 1346 in
474 1316 714 1356 Originibus:
764 1316 809 1346 M.

160 1360 300 1390 Porcius
341 1360 430 1389 Cato
459 1360 516 1389 the
546 1360 678 1390 Censor
712 1360 811 1400 (234-

163 1413 222 1443 149
236 1404 314 1443 Rc.)
330 1409 432 1433 wrote
446 1413 465 1433 a
479 1403 649 1434 historical
668 1403 760 1434 work
777 1403 810 1433 in

158 1458 260 1478 seven
300 1447 410 1478 books
455 1447 596 1477 entitled
648 1448 809 1486 Origines.

158 1492 232 1522 The
258 1491 329 1521 first
358 1491 540 1521 contained
569 1491 625 1521 the
654 1496 747 1532 story
776 1491 813 1521 of

159 1536 215 1565 the
234 1536 370 1565 Roman
389 1535 506 1574 kings;
525 1535 581 1564 the
599 1534 726 1565 second
743 1534 812 1565 and

158 1579 246 1609 third
287 1579 344 1609 the
383 1579 513 1620 history
538 1579 575 1608 of
606 1579 663 1609 the
690 1579 811 1609 Italian

158 1628 287 1660 states;
325 1623 382 1653 the
413 1623 527 1653 fourth
560 1622 628 1653 and
660 1622 736 1653 fifth
769 1633 812 1652 an

159 1672 303 1697 account
329 1666 365 1696 of
389 1667 446 1697 the
473 1667 560 1697 First
583 1667 649 1697 and
677 1666 812 1696 Second

162 1711 263 1741 Punic
281 1712 380 1741 XVars
394 1722 399 1746 ;
418 1711 474 1740 the
489 1710 577 1740 sixth
592 1710 660 1740 and
675 1711 812 1741 seventh

159 1754 306 1794 brought
331 1754 389 1785 the
413 1754 541 1795 history
566 1754 666 1784 down
695 1760 730 1784 to
756 1755 812 1784 the

158 1809 237 1839 year
250 1798 286 1828 of
303 1798 421 1829 Cato's
439 1798 551 1833 death,
574 1807 633 1838 149
652 1799 813 1828 B.C.—in

160 1843 282 1882 epulis
307 1851 461 1872 canere:
488 1842 529 1872 cf.
555 1842 614 1871 IV.
638 1851 656 1882 3
677 1844 714 1871 in
741 1843 814 1872 Ori-

162 1887 300 1926 ginibus
331 1887 423 1916 dixit
456 1887 536 1917 Cato
567 1897 689 1916 morem
722 1887 817 1925 apud

159 1931 299 1960 maiores
323 1931 413 1960 lzunc
438 1930 614 1969 epularum
633 1930 753 1970 fuisse,
777 1934 815 1960 ut

159 1975 309 2012 deinceps
339 1975 400 2014 qui
429 1974 627 2003 accubarent
656 1978 814 2003 canerent

159 2019 205 2047 ad
218 2018 331 2048 tibiam
347 2018 516 2047 clarorum
532 2019 683 2047 virorum
699 2018 814 2047 laitdes

159 2066 256 2101 atque
283 2063 446 2097 virtutes,·
479 2062 577 2091 Brut.
609 2069 648 2102 75
681 2062 811 2091 utinam

159 2109 331 2135 exstarent
343 2106 405 2135 illa
419 2106 583 2139 carmina,
598 2116 682 2144 quae
698 2106 813 2135 multis

159 2150 297 2179 saeculis
313 2154 390 2179 ante
405 2160 499 2179 suam
512 2153 646 2179 aetatem
662 2150 697 2178 in
708 2149 813 2187 epulis

159 2203 224 2223 esse
253 2194 410 2223 cantitata
442 2204 462 2223 a
492 2193 637 2232 singulis
668 2194 815 2222 convivis

159 2238 197 2266 de
221 2237 390 2266 clarorum
418 2238 571 2266 virorum
598 2237 753 2266 laudibus
777 2237 812 2266 in

163 2281 359 2320 Originibus
378 2282 537 2319 scriptum
558 2281 701 2320 reliquit.
711 2281 787 2310 Cato
800 2290 812 2315 ,⁴

162 2325 270 2354 Varro
293 2329 344 2363 ap.
370 2324 504 2354 Nonius
530 2323 571 2361 76
592 2325 628 2353 in
652 2325 814 2353 conviviis

162 2370 265 2406 pueri
277 2369 413 2398 modesti
425 2372 462 2397 ul
471 2372 647 2397 cantarent
657 2369 813 2397 carmina

160 2413 300 2451 antiqua
341 2413 377 2441 iu
418 2412 536 2451 quihus
571 2412 686 2441 laudes
716 2415 816 2441 erant

878 921 1044 950 maiorum
1071 925 1101 950 et
1122 931 1196 950 assa
1221 931 1293 950 voce
1316 924 1346 950 et
1368 930 1441 950 cum
1465 920 1534 949 tibi-

878 966 974 997 cine:
1002 965 1087 994 Hor.
1113 965 1225 994 Carm.
1249 964 1308 993 IV.
1337 972 1383 1004 15.
1408 972 1531 1003 25—32;

880 1008 996 1046 Quint.
1014 1008 1038 1037 I.
1059 1017 1104 1037 10.
1122 1017 1160 1037 20
1178 1008 1235 1038 sed
1244 1012 1389 1037 veterum
1408 1018 1534 1047 quoque

879 1053 1109 1082 Romanorum
1137 1052 1241 1090 epulis
1261 1052 1347 1092 fides
1374 1062 1411 1081 ac
1438 1052 1534 1081 tibias

878 1097 1032 1126 adhibere
1050 1097 1153 1126 moris
1161 1095 1257 1135 fuit;
1279 1096 1354 1125 Val.
1375 1096 1464 1125 Max.
1485 1096 1531 1125 ΙΙ.

882 1149 907 1170 1.
930 1149 968 1170 10
990 1141 1130 1170 maiores
1150 1143 1233 1169 natu
1253 1140 1289 1168 iu
1306 1140 1466 1169 conviviis
1481 1140 1529 1170 ad

878 1184 974 1213 tibias
1011 1184 1138 1223 egregia
1181 1184 1391 1222 superiorum
1434 1189 1531 1223 opera

878 1229 1028 1258 cartlzine
1066 1229 1298 1266 comprehensa
1332 1229 1531 1267 pangebant,

878 1283 942 1311 quo
974 1273 1022 1301 ad
1056 1283 1091 1301 ea
1128 1272 1293 1302 imitanda
1330 1273 1531 1302 iuventutem

877 1317 1074 1346 alacriorem
1089 1317 1262 1346 redderent
1273 1326 1286 1351 ,·
1304 1316 1376 1346 also
1389 1316 1532 1351 Teuffel,

879 1361 973 1389 Rom.
993 1360 1058 1390 Lit.
1076 1359 1136 1396 82;
1164 1359 1372 1400 Macaulay's
1392 1360 1478 1390 Pref.
1498 1365 1533 1390 to

879 1404 967 1441 Lays
984 1404 1025 1444 (gf
1041 1404 1187 1433 Aucient
1206 1405 1316 1434 Rome.
1328 1422 1367 1426 —-
1381 1404 1427 1434 ad
1450 1404 1533 1434 tibi-

880 1448 1025 1478 cinem:
1056 1448 1247 1487 equivalent
1272 1452 1306 1477 to
1331 1448 1378 1478 ad
1397 1453 1530 1477 cantum

880 1492 1022 1521 tibicinis
1033 1502 1047 1527 ,·
1081 1491 1123 1521 cf.
1159 1492 1219 1521 IV.
1252 1501 1269 1531 3
1302 1496 1459 1521 canerent
1489 1492 1535 1521 ad

879 1536 1005 1565 tibiam.
1020 1536 1162 1566 —huic
1204 1536 1353 1575 generi:
1405 1536 1453 1565 τῖε.
1497 1540 1532 1565 to

881 1580 1223 1618 mets—declarat
1249 1602 1256 1609 .
1284 1602 1291 1608 .
1319 1602 1326 1609 .
1354 1579 1531 1610 Catonis:

881 1623 922 1653 cf.
943 1624 1029 1653 Gell.
1053 1624 1117 1653 XI.
1143 1633 1168 1652 2.
1193 1632 1208 1663 5
1233 1623 1426 1662 (quotation
1443 1623 1533 1652 from

882 1667 985 1706 Cato)
998 1668 1141 1707 poeticae
1154 1669 1237 1697 artis
1253 1667 1353 1696 lzonos
1371 1678 1436 1697 non
1452 1671 1532 1697 erat.

880 1712 989 1741 -Μ,
1035 1711 1220 1741 Nobiliori
1244 1733 1251 1740 .
1276 1733 1283 1740 .
1308 1733 1315 1741 .
1341 1711 1531 1741 duxisset:

884 1755 929 1784 M.
959 1754 1098 1784 Fulvius
1128 1754 1292 1789 Nobilior,
1322 1754 1441 1784 consul
1475 1753 1534 1794 189

883 1807 946 1828 B.C.
972 1797 1037 1828 and
1063 1808 1254 1838 conqueror
1277 1798 1315 1827 of
1349 1798 1406 1828 the
1430 1799 1534 1828 Aeto-

880 1843 983 1878 lians,
1009 1842 1050 1872 cf.
1077 1843 1180 1872 Arclz.
1208 1850 1245 1880 27
1271 1843 1337 1871 iam
1364 1852 1441 1872 vero
1465 1843 1532 1879 ille,

881 1888 941 1926 qui
981 1896 1052 1915 cum
1097 1887 1222 1915 Aetolis
1262 1886 1381 1916 Ennio
1419 1886 1534 1915 comite

881 1930 1021 1965 bellavit,
1062 1930 1214 1965 Fulvius,
1255 1940 1321 1958 non
1364 1929 1528 1959 dubitavit

881 1974 942 2003 llsa
947 1974 1005 2003 rtis
1016 1974 1192 2003 manubias
1203 1974 1313 2003 illusis
1323 1983 1510 2003 consecrare
1520 1982 1532 2007 ,⁶

881 2017 953 2047 also
971 2018 1070 2046 Brut.
1091 2026 1140 2055 79.
1180 2022 1314 2057 poetas
1336 2016 1369 2046 in
1389 2017 1447 2046 the
1464 2017 1533 2056 plu-

882 2061 929 2090 ral
963 2061 1174 2100 emphasizes
1207 2061 1324 2090 Cato's
1357 2064 1533 2099 contempt

880 2104 934 2134 for
952 2104 1137 2134 Nobilior's
1152 2109 1215 2134 act.
1233 2123 1275 2126 —
1293 2109 1432 2141 autern,
1448 2114 1532 2140 now,

881 2158 900 2178 a
924 2148 1062 2188 particle
1090 2147 1126 2177 of
1153 2148 1381 2188 explanation,
1406 2147 1443 2177 of
1472 2147 1533 2177 fre-

881 2197 986 2232 quent
1008 2202 1209 2222 occurrence
1231 2192 1262 2221 in
1283 2190 1533 2231 philosophical

881 2235 1179 2266 discourse.—-in
1213 2245 1257 2266 eo
1290 2244 1449 2275 genere:
1489 2234 1531 2265 cf.

881 2280 968 2310 huic
992 2280 1131 2320 generi,
1149 2279 1429 2309 above—satis
1456 2301 1463 2308 .
1490 2301 1497 2308 .
1524 2301 1532 2308 .

882 2324 1169 2363 responderunt,
1185 2323 1369 2364 werefitlly
1382 2323 1481 2362 equal
1493 2326 1532 2351 to.

925 2367 956 2396 4.
993 2367 1131 2398 Fabio:
1174 2368 1211 2396 C.
1248 2366 1382 2401 Fabius,
1415 2366 1535 2405 grand-

881 2410 994 2441 father
1026 2411 1062 2440 of
1102 2411 1226 2440 Fabius
1263 2410 1320 2440 the
1359 2409 1533 2444 historian,
