1669 2698
162 122 189 162 6
568 124 618 160 M.
648 125 802 159 TVLLI
840 125 1132 160 CICERONIS

118 249 138 308 2}
225 258 234 274 ‘
251 249 338 290 Sed
361 263 446 302 quo
468 248 538 297 sis,
565 248 784 297 Africane,
809 249 987 288 alacrior
1016 249 1068 289 ad
1096 250 1320 290 tutandam
1348 264 1436 292 rem
1465 266 1540 304 pu-

120 304 139 323 d
163 321 329 368 blicam,
352 321 411 361 sic
434 321 591 361 habeto
610 335 617 361 :
651 320 851 360 omnibus
877 321 948 372 qui
971 321 1150 372 patriam
1176 323 1535 371 conservaverint,

163 392 412 438 adiuverint‚
459 392 668 440 auxerint,
714 398 878 431 certum
927 405 1023 432 esse
1066 391 1108 431 in
1154 393 1270 433 caelo
1312 394 1538 434 definitum

164 465 318 512 locum,
358 464 429 503 ubi
467 463 583 503 beati
619 476 725 503 aevo
764 462 1025 515 sempiterno
1063 464 1289 514 fruantur;
1332 465 1435 505 nihil
1473 473 1538 506 est

165 536 276 576 enim
308 535 365 575 illi
394 534 575 587 principi
609 535 688 575 deo
721 535 793 586 qui
825 547 996 574 omnem
1031 536 1237 575 mundum
1272 537 1393 589 regit,
1426 538 1539 590 quod

164 606 334 660 quidem
358 606 400 646 in
428 605 553 646 terris
583 606 668 653 fiat,
694 605 913 658 acceptius
943 619 1069 658 quam
1101 607 1279 648 concilia
1305 615 1539 661 coetusque
1596 631 1599 634 -

166 677 384 717 hominum
409 678 499 717 iure
522 676 683 724 sociati,
709 690 818 729 quae
843 676 1037 717 civitates
1060 678 1357 730 appellantur;
1390 680 1538 720 harum

166 756 355 790 rectores
378 755 420 789 et
446 755 772 789 conservatores
796 748 894 788 hinc
917 749 1102 801 profecti
1128 750 1213 790 huc
1238 752 1537 791 revertuntur.'

122 830 142 860 6
229 820 315 861 Hic
342 834 434 873 ego,
464 821 546 860 etsi
576 833 690 861 eram
722 819 977 872 perterritus
1008 834 1094 860 non
1125 828 1211 861 tam
1243 821 1392 862 mortis
1422 829 1540 863 metu

166 906 292 945 quam
325 891 572 932 insidiarum
601 906 626 932 a
656 891 774 940 meis,
805 891 995 944 quaesivi
1026 899 1170 932 tamen
1201 892 1422 934 viveretne
1451 893 1540 946 ipse

168 972 209 1004 ct
235 964 390 1004 Paulus
412 970 534 1015 pater
557 970 598 1004 et
621 962 691 1003 alii
714 977 822 1016 quos
850 977 929 1003 nos
958 963 1197 1003 exstinctos
1224 964 1537 1005 arbitraremur.

171 1036 334 1075 ‘Immo
364 1034 490 1076 vero'
525 1034 662 1088 inquit
699 1034 766 1074 ‘hi
796 1034 945 1074 vivunt
977 1035 1049 1087 qui
1083 1048 1106 1075 e
1138 1048 1363 1087 corporum
1393 1036 1541 1076 vinclis

167 1115 385 1160 tamquam
410 1119 433 1147 e
456 1119 626 1147 carcere
653 1106 943 1153 evolaverunt,
969 1112 1113 1147 vestra
1135 1120 1236 1146 vero
1259 1120 1367 1159 quae
1389 1106 1542 1147 dicitur

169 1223 235 1253 and
260 1227 349 1253 most
373 1221 512 1258 editors,
534 1221 711 1261 following
737 1222 823 1252 Bou-

170 1268 248 1302 hier,
262 1267 317 1296 for
327 1272 453 1306 parum
469 1266 564 1296 rebus
576 1266 614 1296 of
628 1266 684 1296 the
700 1266 763 1296 MS
771 1266 820 1303 S.;

172 1311 339 1341 Meissner
370 1310 468 1340 reads
489 1315 681 1350 parumper
711 1311 823 1339 erectis

169 1355 317 1385 auribus.

214 1400 247 1434 3,
282 1398 312 1428 5.
346 1398 400 1428 sic
426 1399 577 1435 habeto,
603 1399 636 1428 be
658 1399 822 1433 assnred;

171 1443 211 1473 cf.
238 1442 336 1472 1&—
351 1442 568 1472 definitum:
595 1447 630 1472 to
653 1441 694 1471 be
718 1441 822 1471 taken

172 1487 249 1517 with
275 1496 374 1517 esse.
387 1495 536 1516 *aevo
568 1486 822 1526 sempiterno:

171 1531 213 1561 cf.
233 1532 365 1561 Lucret.
385 1531 430 1560 ΙΙ.
445 1530 505 1568 647
522 1530 709 1560 immortali
723 1539 801 1560 aevo
810 1539 823 1565 ,⁴

173 1575 250 1606 with
267 1585 383 1605 aevum
403 1574 445 1604 cf.
461 1573 542 1604 Grk.
556 1574 642 1610 αἰών,
657 1574 742 1612 Eng.
755 1584 823 1612 aye,

172 1630 253 1649 ever.
266 1638 307 1641 —-
319 1618 419 1649 enim
433 1628 440 1647 ε
458 1619 558 1653 enim,
572 1618 605 1647 in
620 1617 823 1647 connection

174 1663 251 1693 with
275 1673 317 1692 an
340 1661 555 1702 unemphatic
576 1666 624 1693 est
644 1661 696 1701 (or
717 1660 823 1699 sunt),

172 1707 342 1747 generally
354 1706 473 1737 stands
491 1706 523 1736 in
542 1705 599 1736 the
612 1704 701 1735 third
718 1705 823 1744 place,

172 1751 197 1781 if
215 1751 271 1781 the
288 1755 445 1781 sentence
466 1749 583 1789 begins
601 1749 681 1779 with
699 1759 742 1779 an
759 1758 824 1778 em-

174 1795 286 1834 phatic
303 1793 570 1833 word—quod
588 1793 740 1833 quidem
760 1815 767 1822 .
788 1815 795 1822 .
816 1815 823 1822 .

175 1840 256 1869 fiat:
275 1848 294 1868 a
306 1838 443 1868 relative
455 1838 568 1868 clause
583 1837 620 1866 of
633 1836 823 1867 restrictiori

174 1883 207 1911 in
234 1882 338 1912 which
363 1882 421 1912 the
445 1881 594 1917 relative,
619 1891 657 1911 as
683 1880 772 1916 here,
796 1880 824 1910 is

174 1926 268 1956 often
286 1925 448 1956 followed
469 1924 512 1966 by
528 1925 671 1965 quidem.
686 1942 727 1946 --
738 1933 825 1954 con-

175 1970 258 2000 cilia
290 1975 519 2009 coetusque:
554 1968 767 1999 alliteration.
781 1986 824 1990 —-

175 2014 253 2045 iure
271 2014 424 2044 sociati:
450 2013 504 2043 for
521 2012 578 2042 the
595 2012 769 2042 definition
788 2011 824 2041 of

176 2068 195 2088 a
216 2062 314 2095 state,
331 2057 373 2088 cf.
390 2058 429 2087 de
444 2058 525 2096 Rep.
545 2057 570 2086 Ι.
590 2065 631 2097 39
647 2060 694 2087 est
708 2057 823 2095 xgritur,

174 2103 287 2142 inquit
312 2102 507 2142 Africanus,
536 2111 588 2130 res
608 2101 745 2140 publica
773 2109 824 2129 res

168 2147 296 2185 populi,
315 2146 464 2185 populus
488 2149 596 2174 autem
625 2154 692 2174 non
718 2144 825 2173 omnis

174 2190 346 2219 hominum
370 2194 475 2220 coetus
493 2198 622 2228 quoquo
641 2187 735 2217 modo
755 2197 825 2216 con-

169 2238 335 2273 gregatus,
367 2233 425 2262 sed
459 2237 563 2262 coetus
595 2231 825 2262 multitudinis

175 2278 261 2307 iuris
299 2287 456 2307 consensu
495 2280 525 2305 et
559 2275 715 2305 utilitatis
745 2284 825 2304 com-

176 2322 332 2350 munione
349 2321 498 2349 sociatus.
513 2338 549 2341 —
560 2319 647 2349 hinc
666 2317 825 2358 profecti

177 2386 184 2393 .
205 2387 211 2393 .
232 2387 239 2393 .
259 2368 515 2393 revertuntur:
541 2362 595 2392 for
620 2362 676 2391 the
708 2361 826 2401 theory

176 2407 248 2437 that
289 2407 345 2437 the
383 2405 569 2436 individual
606 2405 681 2435 soul
712 2414 827 2434 comes

892 1221 979 1251 from
1003 1221 1061 1252 the
1085 1221 1277 1252 world-soul
1298 1221 1365 1252 and
1387 1226 1421 1252 at
1440 1221 1541 1253 death

892 1270 1025 1296 returns
1058 1271 1094 1295 to
1123 1266 1165 1295 its
1194 1266 1336 1305 original
1364 1266 1474 1302 home,
1499 1266 1540 1296 cf.

899 1310 991 1339 Tnsc.
1018 1309 1057 1338 V.
1081 1308 1121 1349 38
1146 1310 1318 1339 humanus
1340 1314 1448 1340 antem
1472 1312 1543 1340 ‹mi-

892 1364 975 1389 mm,
1000 1353 1169 1391 decerptas
1192 1364 1233 1383 ex
1264 1358 1370 1383 mente
1400 1355 1542 1390 divina;

892 1396 934 1427 id.
967 1397 991 1426 Ι.
1023 1396 1082 1426 118
1110 1401 1147 1426 ut
1170 1401 1231 1427 aut
1257 1398 1292 1426 in
1319 1402 1485 1427 aeternam
1515 1402 1545 1427 et

885 1442 990 1480 plane
1010 1442 1045 1469 in
1068 1445 1215 1470 nostram
1237 1442 1369 1471 domum
1392 1442 1542 1481 renn'g‘re-

893 1495 992 1517 mus:
1018 1485 1063 1514 N.
1077 1485 1120 1514 D.
1144 1484 1169 1513 Ι.
1192 1493 1230 1523 27
1249 1486 1467 1524 Pythagoras,
1485 1486 1545 1526 qui

893 1529 1020 1559 censuit
1040 1529 1196 1558 animum
1219 1539 1285 1558 esse
1298 1535 1365 1568 per
1383 1533 1541 1558 naturam

894 1583 1008 1602 rerum
1042 1583 1169 1602 omnem
1206 1573 1371 1602 intentum
1404 1576 1435 1602 et
1463 1583 1542 1602 com-

893 1621 1066 1651 meantem,
1084 1627 1124 1645 ex
1141 1626 1204 1655 quo
1224 1617 1331 1645 nostri
1349 1617 1459 1646 animi
1476 1627 1543 1646 car-

885 1665 1052 1699 perentur
1068 1665 1149 1696 etc.;
1167 1660 1205 1689 de
1221 1661 1296 1690 Sen.
1314 1659 1353 1698 78
1370 1660 1540 1689 audiebam

893 1705 1119 1743 Pythagoram
1147 1727 1153 1733 .
1181 1726 1187 1732 .
1213 1726 1219 1732 .
1245 1714 1428 1743 numquam
1455 1704 1543 1733 dubi-

892 1752 976 1777 tasse
986 1748 1068 1787 quin
1082 1758 1123 1777 ex
1136 1748 1294 1777 universa
1308 1751 1414 1776 mente
1425 1747 1542 1776 divina

892 1792 1046 1821 delibatos
1070 1792 1201 1820 animos
1222 1791 1416 1821 haberemus
1424 1800 1439 1826 ,·
1471 1790 1543 1821 also

893 1836 980 1865 hanc
996 1835 1100 1864 sedem
1119 1839 1150 1864 et
1164 1834 1311 1870 domum,
1333 1843 1367 1872 17
1387 1833 1453 1864 and
1471 1843 1520 1864 21.

938 1879 968 1909 6.
1002 1878 1246 1908 insidiarum:
1279 1877 1321 1908 cf.
1347 1879 1469 1917 impias
1486 1901 1491 1907 .
1511 1902 1517 1907 .
1536 1901 1542 1907 .

892 1933 1024 1958 manus,
1051 1922 1253 1961 4.—ipse:
1291 1931 1335 1952 sc.
1361 1921 1543 1952 Africanus

894 1966 1226 1996 Maior.—Paulus
1258 1970 1384 2005 pater:
1419 1965 1455 1995 L.
1480 1965 1544 1995 Ae-

892 2010 1003 2040 milius
1032 2010 1156 2040 Paulus
1190 2008 1443 2050 Macedonicus,
1468 2018 1544 2039 con-

892 2054 943 2085 sul
965 2054 1019 2084 for
1039 2053 1096 2084 the
1118 2052 1246 2084 second
1269 2053 1359 2089 time,
1386 2051 1445 2082 168
1468 2060 1542 2088 B.c.‚

892 2098 927 2128 in
969 2097 1076 2128 which
1116 2107 1203 2138 year,
1244 2096 1288 2138 by
1324 2096 1376 2126 his
1416 2096 1544 2137 victory

893 2151 974 2172 over
990 2142 1131 2172 Perseus
1145 2146 1178 2171 at
1198 2140 1324 2181 Pydna,
1340 2140 1382 2170 he
1395 2139 1544 2180 brought

893 2185 951 2215 the
977 2185 1082 2215 Third
1109 2184 1338 2215 Macedonian
1358 2184 1441 2213 War
1465 2189 1500 2213 to
1524 2193 1545 2213 a

894 2228 1079 2259 successful
1119 2228 1402 2258 close.—-irnm0
1441 2236 1542 2264 vero,

895 2283 970 2312 noy,
996 2273 1131 2308 rothem·
1159 2272 1308 2311 refuting
1333 2272 1390 2301 the
1414 2280 1544 2301 errone-

893 2326 957 2346 ous
977 2316 1079 2346 belief
1099 2316 1279 2355 expressed
1303 2315 1335 2345 in
1355 2315 1412 2345 the
1433 2315 1543 2345 words

897 2360 1102 2390 exstinctos
1124 2359 1401 2389 arbitraremur.
1413 2377 1455 2380 —
1467 2367 1544 2388 cot-

896 2413 1029 2443 porum
1044 2403 1178 2432 vinclis
1197 2425 1204 2432 .
1225 2425 1232 2432 .
1253 2424 1260 2432 .
1280 2402 1542 2432 evolaverunt:
