1674 2698
343 132 781 167 TVSCVLANARVM
819 134 1270 167 DISPV'sA'l'loNx'M
1309 136 1315 167 Ι
1466 143 1512 182 55

143 263 371 309 castosque
408 256 707 304 servavissent,
744 255 986 309 quibusque
1024 256 1175 296 fuisset
1213 257 1386 297 minima
1421 272 1515 297 cum

143 328 391 381 corporibus
443 327 654 380 contagio,
706 342 887 380 seseque
934 328 988 367 ab
1038 329 1085 367 iis
1134 343 1302 380 semper
1351 344 1517 370 sevoca-

95 439 97 441 ,
141 399 303 440 vissent
338 406 571 451 essentque
606 399 646 438 in
681 399 931 452 corporibus
968 400 1164 439 humanis
1198 400 1326 440 vitam
1366 401 1514 440 imitati

141 472 330 519 deorum,
366 471 414 511 iis
447 471 499 510 ad
535 470 639 518 illos,
673 484 697 510 a
730 470 885 523 quibus
919 478 1065 512 essent
1102 471 1298 523 profecti,
1333 472 1514 512 reditum

141 542 309 583 facilem
342 550 501 595 patere.

142 614 234 655 sine
266 628 395 654 causa
428 614 619 666 Apollini
653 613 782 654 dicati
816 614 913 662 sint,
949 615 1024 655 sed
1056 615 1168 667 quod
1199 615 1253 654 ab
1285 629 1334 655 eo
1362 615 1519 656 divina-

140 685 300 726 tionem
334 686 491 726 habere
515 685 751 733 videantur,
779 700 863 738 qua
886 685 1162 738 providentes
1186 687 1287 739 quid
1313 686 1352 726 in
1378 694 1517 727 morte

141 757 241 798 boni
272 757 326 798 sit
352 771 447 797 cum
479 765 608 797 cantu
633 765 675 798 et
699 758 922 810 voluptate
946 757 1197 806 moriantur,
1225 759 1284 798 sic
1319 758 1518 798 omnibus

140 829 263 869 bonis
294 836 335 869 et
368 829 506 869 doctis
536 843 632 869 esse
660 829 915 870 faciendum.
985 830 1078 869 Nec
1102 843 1203 870 vero
1226 831 1279 870 de
1302 831 1383 869 hoc
1408 830 1516 882 quis-

139 914 265 953 quam
285 900 482 940 dubitare
499 907 660 952 posset,
681 900 763 940 nisi
783 900 893 941 idem
915 902 1037 941 nobis
1058 901 1269 942 accideret
1290 902 1516 953 diligenter

138 973 192 1012 de
208 971 350 1012 animo
370 971 661 1024 cogitantibus
685 973 799 1024 quod
823 972 871 1011 iis
897 986 1023 1025 saepe
1048 987 1126 1012 usu
1153 973 1269 1013 venit
1287 973 1357 1025 qui
1380 975 1512 1027 [cum]

137 1044 293 1084 acriter
310 1044 443 1083 oculis
462 1044 734 1084 deficientem
760 1044 892 1083 solem
919 1044 1201 1092 intuerentur,
1223 1052 1267 1084 ut
1292 1053 1513 1096 aspectum

137 1115 311 1155 omnino
333 1115 583 1155 amitterent
605 1129 612 1163 ;
647 1115 705 1155 sic
730 1115 887 1155 mentis
913 1115 1024 1156 acies
1049 1130 1094 1155 se
1120 1116 1209 1168 ipsa
1232 1116 1406 1156 intuens
1429 1131 1512 1155 non

137 1201 371 1239 numquam
396 1187 589 1227 hebescit
615 1187 667 1226 ob
687 1200 867 1239 eamque
887 1200 1058 1227 causam
1086 1188 1406 1240 contemplandi
1429 1188 1517 1227 dili-

135 1259 326 1311 gentiam
366 1258 615 1298 amittimus.
686 1259 839 1310 Itaque
876 1258 1090 1306 dubitans,
1134 1258 1511 1311 circumspectans,

137 1330 365 1378 haesitans,
403 1330 538 1370 multa
570 1331 749 1370 adversa
783 1343 983 1370 reverens
1017 1337 1236 1383 tamquam
1272 1330 1312 1370 in
1348 1338 1438 1370 rate
1473 1331 1513 1370 in

135 1401 241 1442 mari
264 1401 475 1442 immenso
500 1407 647 1441 nostra
669 1400 841 1442 vehitur
872 1401 992 1441 ratio.
1060 1402 1146 1442 Sed
1173 1402 1278 1454 haec
1303 1409 1343 1441 et
1370 1410 1516 1442 vetera

135 1480 177 1514 et
211 1487 235 1513 a
271 1472 457 1514 Graecis
530 1473 639 1513 Cato
673 1480 817 1514 autern
854 1472 914 1513 sic
947 1472 1049 1513 abiit
1085 1486 1109 1514 e
1141 1473 1227 1513 vita
1261 1481 1307 1514 ut
1342 1487 1513 1514 causam

570 543 720 595 Itaque
753 550 1072 590 commemorat,
1100 550 1145 583 ut
1172 543 1312 597 cygni,
1337 545 1409 596 qui
1433 558 1514 583 non
1549 554 1584 582 ,ει

133 1583 240 1622 elapsi
261 1584 385 1613 circum
412 1586 536 1612 terram
567 1583 673 1620 ipsam
701 1582 790 1612 volu-

133 1626 513 1666 tamma—contagio,
539 1626 697 1666 lmrmful
720 1636 790 1656 con-

132 1675 207 1701 tact.
224 1689 266 1693 -—
284 1679 445 1710 seseque
473 1693 480 1700 .
542 1692 549 1699 .
576 1669 790 1700 sevocavis-

134 1720 240 1745 sent:
258 1715 312 1744 for
329 1714 385 1744 the
403 1713 547 1754 subject,
560 1723 604 1744 sc.
619 1715 687 1753 qui,
701 1713 790 1743 from

134 1759 198 1799 qui
218 1782 225 1788 .
245 1782 252 1789 .
273 1782 280 1788 .
299 1758 580 1795 servavissent;
604 1758 660 1788 the
676 1757 789 1788 dative

133 1803 357 1843 quibusque,
388 1802 541 1842 required
571 1802 612 1842 by
641 1802 789 1837 fuisset,

133 1856 244 1877 seems
278 1852 312 1876 to
348 1846 491 1876 confuse
527 1846 584 1876 the
618 1851 788 1876 construc-

134 1891 206 1921 tion
228 1890 427 1926 somewhat,
444 1890 505 1920 but
530 1889 587 1920 the
608 1899 730 1920 course
753 1889 791 1920 of

133 1934 281 1974 thought
306 1935 334 1964 is
359 1934 521 1975 perfectly
545 1934 642 1964 clear.
693 1933 788 1963 With

135 1979 431 2012 sevocavissent,
459 1977 502 2008 cf.
530 1988 678 2008 sevocare
703 1989 789 2007 men-

133 2027 206 2058 tem,
231 2022 393 2062 38.—ad
414 2021 499 2052 illos
525 2045 533 2051 .
560 2044 568 2052 .
595 2044 602 2052 .
629 2022 790 2062 profecti

135 2089 143 2096 .
170 2089 178 2096 .
205 2089 212 2096 .
238 2071 389 2106 patere:
426 2065 468 2095 cf.
496 2074 532 2106 57
560 2065 629 2096 and
658 2065 715 2107 583
751 2066 790 2096 de

134 2111 212 2140 Am.
237 2120 291 2151 13;
317 2109 385 2140 and
410 2109 487 2139 ibid.
514 2119 550 2148 14
571 2110 609 2140 id
627 2111 658 2140 si
678 2112 724 2140 ita
744 2115 792 2140 est

134 2159 172 2184 ut
183 2155 301 2193 optimi
312 2155 470 2193 cuiusque
486 2155 624 2183 animus
637 2155 673 2183 in
687 2158 790 2184 morte

131 2198 304 2238 fizcz‘llime
316 2199 418 2228 evolet
431 2202 601 2237 tamquam
615 2208 630 2227 e
643 2198 789 2228 custodia

133 2243 320 2282 vinclisque
351 2243 508 2281 corporis,
538 2243 593 2272 cui
623 2252 791 2271 censemus

132 2296 268 2317 cursum
294 2287 342 2316 ad
365 2286 438 2316 deas
460 2286 654 2326 fizciliorem
679 2285 791 2325 fuisse

133 2340 234 2370 quam
261 2330 441 2369 Scipioni?

177 2372 229 2404 73.
262 2379 303 2405 ut
329 2374 462 2413 cygni:
492 2373 712 2413 sc.saciant;
741 2382 790 2402 we

134 2417 260 2448 should
292 2422 411 2457 expect
444 2418 636 2446 moriantur
665 2426 705 2447 as
733 2416 790 2446 the

858 1581 1029 1622 predicate
1056 1582 1093 1612 of
1121 1583 1244 1623 cygni,
1271 1582 1331 1613 but
1356 1583 1413 1613 the
1438 1594 1515 1614 con-

859 1626 1026 1656 struction
1049 1627 1077 1657 is
1100 1627 1255 1666 changed
1277 1627 1320 1668 by
1339 1627 1395 1658 the
1417 1629 1514 1658 inter-

859 1670 983 1710 vening
1008 1670 1132 1705 clause,
1158 1681 1231 1711 qua
1257 1673 1512 1711 providentes.

858 1714 1082 1754 —Apollini
1106 1715 1241 1745 dicati:
1279 1716 1373 1745 l'lato
1398 1716 1429 1745 in
1457 1717 1513 1746 the

859 1759 992 1788 Pluzedo
1040 1759 1122 1789 calls
1172 1759 1263 1789 them
1308 1757 1514 1790 Ἀπόλλωνος

859 1803 1058 1840 θεράποντες,
1075 1804 1264 1833 attendants
1280 1804 1321 1843 cjf
1331 1805 1459 1843 Apollo.
1472 1822 1515 1826 -—

859 1855 945 1877 curn
973 1852 1086 1878 cantu
1113 1870 1119 1876 .
1146 1870 1152 1876 .
1178 1870 1185 1877 .
1209 1848 1437 1878 moriantur:
1471 1848 1512 1877 cf.

862 1890 944 1920 Plin.
971 1891 1015 1920 H.
1041 1892 1087 1920 Ν.
1115 1891 1156 1920 X.
1182 1891 1222 1932 63
1251 1892 1378 1921 olorum
1409 1897 1514 1921 marte

859 1939 1028 1964 narratur
1049 1935 1174 1974 flebilis
1205 1939 1330 1970 cantus,
1350 1936 1453 1976 sizlso,
1479 1940 1517 1965 ut

857 1979 1004 2008 arbitror
1042 1979 1171 2018 aliquot
1208 1981 1453 2018 experimentis.
1472 1998 1515 2001 a

859 2022 990 2057 doctis,
1003 2022 1376 2061 philosophas—usu
1388 2023 1491 2053 venit
1505 2033 1512 2053 :

859 2066 1054 2106 equivalent
1090 2072 1125 2096 to
1159 2067 1300 2102 accidit;
1342 2067 1513 2097 historical

858 2110 997 2150 perfect.
1042 2109 1160 2150 [curn]
1179 2122 1185 2140 :
1203 2120 1260 2141 see
1276 2111 1357 2141 Crit.
1374 2111 1515 2150 App——

859 2159 899 2184 ut
915 2177 922 2184 .
939 2177 946 2183 .
963 2177 970 2183 .
986 2154 1224 2184 amitterent:
1243 2155 1274 2184 in
1293 2155 1514 2195 explanatory

859 2198 1053 2236 apposition
1083 2198 1161 2227 with
1192 2199 1513 2238 quod—mentis

859 2241 972 2277 acies,
986 2242 1038 2271 tlte
1054 2252 1107 2281 eye
1123 2241 1225 2282 oftlze
1241 2243 1344 2271 mind.
1358 2261 1400 2264 —
1411 2252 1515 2272 reve-

859 2294 957 2321 rens,
964 2285 1117 2325 searing.
1129 2304 1171 2307 —
1183 2286 1288 2320 ratio,
1307 2297 1431 2316 reason.

901 2328 957 2360 74.
993 2329 1111 2359 Cato:
1154 2329 1199 2358 M.
1243 2330 1382 2360 Porcius
1423 2330 1512 2360 Cato

861 2372 1045 2409 Uticensis,
1062 2373 1342 2412 great-grandson
1366 2373 1403 2403 of
1423 2374 1512 2404 Cato

862 2417 981 2451 Maior,
1014 2416 1098 2446 took
1136 2416 1187 2447 his
1221 2427 1296 2447 own
1336 2417 1393 2448 life
1427 2418 1514 2448 after
