1674 2698
425 466 500 510 M.
540 466 752 510 TVLLI
796 467 1180 512 CICERONIS

138 586 771 636 TVSCVLANARVM
824 589 1463 640 DISPVTATIONVM

633 717 705 753 AD
740 718 968 753 BRVTVM

584 940 757 975 LIBER
802 941 829 975 P
841 941 1017 976 RIMVS

472 1060 544 1099 DE
570 1060 931 1100 CONTEMNENDA
956 1061 1125 1100 MORTE

170 1175 279 1216 Cum
311 1175 611 1216 defensionum
643 1176 860 1216 laboribus
892 1177 1204 1230 senatoriisque
1235 1180 1485 1219 muneribus
1513 1177 1527 1211 1

106 1254 178 1287 aut
207 1247 382 1286 omnino
405 1255 479 1287 aut
504 1261 659 1299 magna
683 1262 733 1287 ex
757 1255 879 1299 parte
910 1262 1049 1288 essem
1081 1249 1309 1301 aliquando
1340 1251 1487 1290 libcra-

105 1325 187 1366 tus,
217 1319 364 1359 rettuli
386 1333 466 1366 me,
495 1319 640 1367 Brute,
666 1327 711 1360 te
735 1320 935 1359 hortante
966 1320 1149 1360 maxime
1175 1322 1228 1360 ad
1257 1335 1305 1361 ea
1333 1322 1483 1369 studia,

105 1404 211 1443 quae
234 1397 404 1431 retenta
428 1390 582 1439 animo,
604 1391 784 1431 remissa
807 1391 1086 1443 temporibus,
1109 1393 1238 1445 longo
1262 1392 1486 1436 intervallo

105 1461 350 1503 intermissa
389 1462 599 1511 revocavi,
637 1470 678 1503 et
717 1477 814 1503 cum
853 1463 1044 1503 omnium
1084 1464 1251 1511 artium,
1289 1478 1398 1517 quac
1431 1466 1482 1504 ad

147 1554 178 1591 1,
205 1555 235 1585 1.
254 1556 542 1587 defensionum:
567 1556 686 1586 Cicero
700 1557 760 1586 sel-

103 1598 184 1630 dom
216 1599 371 1640 engaged
399 1600 433 1630 in
459 1600 516 1630 the
541 1600 759 1640 prosecution

105 1642 293 1685 (accusatio)
320 1644 358 1674 of
389 1644 525 1675 citizens
551 1654 589 1674 or
620 1644 761 1675 officials

103 1687 250 1728 charged
268 1688 346 1719 with
363 1688 476 1719 crime.
526 1688 601 1719 The
618 1688 760 1718 defense

104 1731 144 1762 he
184 1732 385 1763 considered
430 1742 524 1763 more
572 1732 760 1762 honorable

102 1775 169 1806 and
194 1781 228 1806 at
253 1776 310 1806 the
334 1786 431 1808 same
457 1777 537 1807 time
562 1787 656 1807 more
681 1776 759 1806 diffi-

101 1820 188 1856 cult;
221 1820 264 1850 cf.
297 1821 335 1851 de
370 1822 433 1861 Off
469 1821 515 1851 ΙΙ.
541 1830 584 1862 49
615 1832 757 1861 quorum

103 1863 335 1905 (iudiciorum)
349 1866 436 1896 ratio
453 1866 578 1905 duplex
595 1870 661 1901 est;
679 1876 757 1895 nam

100 1919 142 1939 ex
157 1910 363 1940 accusatione
378 1914 408 1939 et
423 1921 464 1940 ex
487 1910 675 1950 defensione
690 1920 760 1940 con-

100 1956 167 1982 stat
176 1962 190 1988 ,·
214 1964 361 1994 quarum
395 1954 456 1984 etsi
479 1954 685 1984 laudabilior
715 1958 761 1984 est

100 1996 254 2036 deserum,
294 2002 408 2028 tamen
455 1999 553 2028 etiam
596 1999 760 2028 accusatio

98 2041 241 2079 probata
266 2047 426 2081 persaepe
459 2047 506 2072 est
518 2053 532 2079 ‚·
566 2042 684 2081 Quint.
718 2042 758 2071 V.

104 2093 152 2125 13.
166 2093 182 2114 2
194 2085 366 2125 dffcilius
383 2091 511 2126 semper
526 2091 573 2116 est
587 2087 759 2121 creditum,

99 2129 191 2169 quod
215 2129 328 2160 Cicero
352 2136 446 2170 saepe
477 2135 626 2165 testatur,
652 2131 760 2171 defen-

99 2173 176 2203 dere
198 2184 299 2214 quam
325 2185 480 2204 accusare
490 2185 503 2211 ‚⁴
528 2174 571 2204 id.
591 2174 675 2204 XII.
694 2183 722 2211 7.
744 2183 754 2203 1

99 2216 274 2257 defendere
320 2219 452 2259 quidem
503 2229 572 2248 reos
612 2218 760 2258 profecto

99 2271 200 2300 quam
223 2262 340 2302 facere
370 2264 427 2293 vir
454 2263 557 2292 bonus
595 2263 704 2293 malet.
717 2280 760 2283 —

99 2310 165 2336 aut
211 2306 367 2337 omnino
386 2329 394 2336 .
414 2329 422 2337 .
442 2329 450 2336 .
469 2312 595 2346 parte:
638 2305 758 2335 Cicero

99 2348 270 2379 defended
305 2350 352 2379 M.
389 2351 573 2380 Marcellus
613 2349 681 2379 and
716 2350 757 2387 Q.

101 2392 266 2432 Ligarius,
278 2393 321 2432 46
334 2401 408 2429 B.C.,
423 2393 490 2424 and
512 2394 604 2433 King
623 2393 759 2423 Deiota-

99 2446 166 2473 rus,
206 2446 246 2478 45
278 2445 341 2467 B.C.
392 2437 458 2468 His
490 2438 555 2467 last
596 2437 757 2471 orations,

788 2500 796 2520 1

830 1556 888 1586 the
904 1556 1097 1597 Philippics,
1113 1567 1199 1587 were
1211 1557 1381 1587 delivered
1397 1557 1485 1588 after

829 1600 887 1630 the
915 1601 1123 1640 publication
1154 1601 1190 1631 of
1225 1601 1282 1631 the
1311 1602 1482 1632 'l'usculan

831 1645 1483 1685 Disputations.—aliquando‚finally;

829 1688 862 1718 in
881 1689 948 1719 this
965 1698 1063 1719 sense
1076 1689 1196 1719 Cicero
1210 1698 1287 1719 uses
1301 1690 1486 1728 aliquando

829 1742 923 1762 more
949 1732 1142 1773 frequently
1175 1732 1256 1762 than
1286 1733 1484 1763 tandem.—

832 1777 967 1807 Brute:
1003 1787 1059 1806 see
1082 1777 1163 1806 Intr.
1192 1777 1483 1816 24.—tempori-

829 1822 921 1852 bus:
949 1820 1095 1850 ablative
1129 1820 1165 1850 of
1193 1830 1318 1858 cause;
1346 1820 1400 1850 for
1426 1820 1483 1851 the

828 1865 987 1904 meaning
1004 1864 1041 1894 of
1057 1864 1114 1894 the
1131 1874 1284 1904 passage,
1303 1864 1345 1894 cf.
1362 1866 1400 1895 de
1419 1864 1482 1904 Off.

830 1909 877 1939 II.
903 1918 922 1946 4
940 1913 1155 1948 posteaquam
1180 1908 1359 1938 honoribus
1383 1910 1484 1938 inser-

827 1954 899 1983 vire
916 1953 1004 1992 coepi
1019 1963 1049 1981 m
1055 1963 1133 1992 eque
1149 1957 1250 1982 totum
1271 1953 1484 1991 reipublicae

828 1997 964 2032 tradidi,
993 2001 1123 2026 tantum
1157 2001 1231 2026 erat
1252 1996 1484 2035 philosophiae

827 2042 891 2071 loci
923 2045 1087 2081 quantum
1125 2040 1339 2080 superfuerat
1367 2041 1483 2070 amico-

829 2096 904 2115 rum
923 2089 954 2115 et
969 2085 1021 2114 rei
1028 2085 1182 2123 publicae
1197 2084 1396 2123 temporibus
1410 2094 1422 2119 ‚·
1448 2085 1486 2114 id

827 2134 936 2159 autem
999 2139 1094 2158 omne
1142 2128 1394 2158 consumebatur
1445 2129 1481 2157 in

827 2173 971 2213 legendo,
995 2173 1162 2202 scribendi
1183 2173 1286 2202 otium
1312 2182 1377 2201 non
1402 2176 1482 2201 erat.

827 2217 992 2257 ——longo
1025 2216 1240 2246 intervallo:
1275 2216 1325 2246 i.e.
1362 2215 1483 2255 during

828 2260 886 2290 the
902 2259 1091 2300 prolonged
1105 2264 1242 2290 contest
1255 2259 1405 2290 between
1425 2259 1481 2289 the

829 2305 940 2342 Julian
972 2304 1040 2334 and
1073 2304 1259 2343 Pompeian
1294 2304 1482 2343 parties.—

828 2348 1058 2383 intermissa,
1078 2348 1196 2377 broken
1218 2347 1331 2387 cfffor
1351 2358 1371 2377 a
1390 2347 1480 2381 time,

829 2392 926 2421 while
964 2392 1125 2422 remissa
1161 2391 1187 2421 is
1220 2392 1365 2427 relaxed,
1397 2396 1482 2430 por-

827 2437 924 2474 tiolly
936 2437 1036 2475 given
1055 2440 1161 2474 ztp.—
1172 2436 1321 2471 artium,
1336 2436 1479 2470 sciences,
