<?xml version="1.0" encoding="UTF-8"?>
<!DOCTYPE html PUBLIC "-//W3C//DTD XHTML 1.0 Transitional//EN"
    "http://www.w3.org/TR/xhtml1/DTD/xhtml1-transitional.dtd">
<html xmlns="http://www.w3.org/1999/xhtml" xml:lang="en" lang="en">
 <head>
  <title>
</title>
<meta http-equiv="Content-Type" content="text/html;charset=utf-8" />
  <meta name='ocr-system' content='tesseract 3.04.00' />
  <meta name='ocr-capabilities' content='ocr_page ocr_carea ocr_par ocr_line ocrx_word'/>
</head>
<body>
  <div class='ocr_page' id='page_1' title='image "./tusculanarumd00ciceuoft_0063.png"; bbox 0 0 1674 2698; ppageno 0'>
   <div class='ocr_carea' id='block_1_1' title="bbox 69 137 1453 1460">
    <p class='ocr_par' dir='ltr' id='par_1_1' title="bbox 73 137 1453 456">
     <span class='ocr_line' id='line_1_1' title="bbox 275 137 1448 187; baseline 0.002 -18"><span class='ocrx_word' id='word_1_1' title='bbox 275 137 712 170; x_wconf 50' lang='lat' dir='ltr'>&#39;1·x=&#39;scx&#39;1„AN1x1&lt;x&#39;M</span> <span class='ocrx_word' id='word_1_2' title='bbox 753 137 1203 170; x_wconf 55' lang='lat' dir='ltr'>1)151›x&#39;&#39;1·1x‘1·1‹›xx&#39;1x1</span> <span class='ocrx_word' id='word_1_3' title='bbox 1242 141 1247 170; x_wconf 92' lang='lat'>1</span> <span class='ocrx_word' id='word_1_4' title='bbox 1408 148 1448 187; x_wconf 83' lang='lat'>¹5</span> 
     </span>
     <span class='ocr_line' id='line_1_2' title="bbox 74 259 1453 315; baseline 0.002 -15"><span class='ocrx_word' id='word_1_5' title='bbox 74 260 268 308; x_wconf 85' lang='lat' dir='ltr'>vivimus,</span> <span class='ocrx_word' id='word_1_6' title='bbox 292 274 387 300; x_wconf 87' lang='lat' dir='ltr'>cum</span> <span class='ocrx_word' id='word_1_7' title='bbox 408 260 673 300; x_wconf 83' lang='lat' dir='ltr'>moriendum</span> <span class='ocrx_word' id='word_1_8' title='bbox 696 259 762 307; x_wconf 81' lang='lat' dir='ltr'>sit,</span> <span class='ocrx_word' id='word_1_9' title='bbox 785 274 927 300; x_wconf 89' lang='lat' dir='ltr'>nonne</span> <span class='ocrx_word' id='word_1_10' title='bbox 945 261 1087 300; x_wconf 81' lang='lat' dir='ltr'>miseri</span> <span class='ocrx_word' id='word_1_11' title='bbox 1108 263 1282 301; x_wconf 74' lang='lat' dir='ltr'>sumus?</span> <span class='ocrx_word' id='word_1_12' title='bbox 1332 267 1453 315; x_wconf 64' lang='lat' dir='ltr'>Quae</span> 
     </span>
     <span class='ocr_line' id='line_1_3' title="bbox 73 331 1453 385; baseline 0.001 -13"><span class='ocrx_word' id='word_1_13' title='bbox 73 332 186 373; x_wconf 79' lang='lat' dir='ltr'>enini</span> <span class='ocrx_word' id='word_1_14' title='bbox 219 339 360 385; x_wconf 72' lang='lat' dir='ltr'>potest</span> <span class='ocrx_word' id='word_1_15' title='bbox 396 331 434 370; x_wconf 87' lang='lat' dir='ltr'>in</span> <span class='ocrx_word' id='word_1_16' title='bbox 461 332 546 371; x_wconf 81' lang='lat' dir='ltr'>vita</span> <span class='ocrx_word' id='word_1_17' title='bbox 574 346 669 372; x_wconf 70' lang='lat' dir='ltr'>esse</span> <span class='ocrx_word' id='word_1_18' title='bbox 702 331 955 379; x_wconf 75' lang='lat' dir='ltr'>iucunditas,</span> <span class='ocrx_word' id='word_1_19' title='bbox 983 346 1078 371; x_wconf 84' lang='lat' dir='ltr'>cum</span> <span class='ocrx_word' id='word_1_20' title='bbox 1109 332 1198 372; x_wconf 83' lang='lat' dir='ltr'>dies</span> <span class='ocrx_word' id='word_1_21' title='bbox 1229 341 1271 373; x_wconf 89' lang='lat' dir='ltr'>et</span> <span class='ocrx_word' id='word_1_22' title='bbox 1304 342 1453 373; x_wconf 74' lang='lat' dir='ltr'>noctes</span> 
     </span>
     <span class='ocr_line' id='line_1_4' title="bbox 74 402 1169 456; baseline 0 -12"><span class='ocrx_word' id='word_1_23' title='bbox 74 403 347 456; x_wconf 85' lang='lat' dir='ltr'>cogitandum</span> <span class='ocrx_word' id='word_1_24' title='bbox 374 402 426 443; x_wconf 90' lang='lat' dir='ltr'>sit</span> <span class='ocrx_word' id='word_1_25' title='bbox 454 403 533 442; x_wconf 79' lang='lat' dir='ltr'>iam</span> <span class='ocrx_word' id='word_1_26' title='bbox 560 402 728 455; x_wconf 74' lang='lat' dir='ltr'>iamque</span> <span class='ocrx_word' id='word_1_27' title='bbox 750 416 846 443; x_wconf 78' lang='lat' dir='ltr'>esse</span> <span class='ocrx_word' id='word_1_28' title='bbox 869 403 1169 444; x_wconf 77' lang='lat' dir='ltr'>moriendum?</span> 
     </span>
    </p>

    <p class='ocr_par' dir='ltr' id='par_1_2' title="bbox 71 474 1452 587">
     <span class='ocr_line' id='line_1_5' title="bbox 132 474 1452 527; baseline 0.001 -11"><span class='ocrx_word' id='word_1_29' title='bbox 132 476 194 516; x_wconf 82' lang='lat' dir='ltr'>M.</span> <span class='ocrx_word' id='word_1_30' title='bbox 234 475 401 527; x_wconf 75' lang='lat' dir='ltr'>Ecquid</span> <span class='ocrx_word' id='word_1_31' title='bbox 432 488 535 527; x_wconf 86' lang='lat' dir='ltr'>ergo</span> <span class='ocrx_word' id='word_1_32' title='bbox 568 474 782 527; x_wconf 73' lang='lat' dir='ltr'>intellegis</span> <span class='ocrx_word' id='word_1_33' title='bbox 805 480 1014 527; x_wconf 84' lang='lat' dir='ltr'>quantum</span> <span class='ocrx_word' id='word_1_34' title='bbox 1049 475 1149 515; x_wconf 84' lang='lat' dir='ltr'>mali</span> <span class='ocrx_word' id='word_1_35' title='bbox 1182 477 1235 517; x_wconf 89' lang='lat' dir='ltr'>de</span> <span class='ocrx_word' id='word_1_36' title='bbox 1266 477 1452 517; x_wconf 85' lang='lat' dir='ltr'>humana</span> 
     </span>
     <span class='ocr_line' id='line_1_6' title="bbox 71 545 582 587; baseline -0.002 0"><span class='ocrx_word' id='word_1_37' title='bbox 71 546 322 587; x_wconf 84' lang='lat' dir='ltr'>condicione</span> <span class='ocrx_word' id='word_1_38' title='bbox 345 545 550 586; x_wconf 85' lang='lat' dir='ltr'>deieceris</span> <span class='ocrx_word' id='word_1_39' title='bbox 568 547 582 586; x_wconf 85' lang='lat'>?</span> 
     </span>
    </p>

    <p class='ocr_par' dir='ltr' id='par_1_3' title="bbox 130 618 605 672">
     <span class='ocr_line' id='line_1_7' title="bbox 130 618 605 672; baseline -0.004 -13"><span class='ocrx_word' id='word_1_40' title='bbox 130 619 184 659; x_wconf 83' lang='lat' dir='ltr'>A.</span> <span class='ocrx_word' id='word_1_41' title='bbox 224 620 421 672; x_wconf 73' lang='lat' dir='ltr'>Quonam</span> <span class='ocrx_word' id='word_1_42' title='bbox 446 618 605 658; x_wconf 88' lang='lat' dir='ltr'>modo?</span> 
     </span>
    </p>

    <p class='ocr_par' dir='ltr' id='par_1_4' title="bbox 70 689 1451 1102">
     <span class='ocr_line' id='line_1_8' title="bbox 130 689 1451 743; baseline 0.003 -14"><span class='ocrx_word' id='word_1_43' title='bbox 130 691 193 730; x_wconf 76' lang='lat' dir='ltr'>M.</span> <span class='ocrx_word' id='word_1_44' title='bbox 232 690 354 743; x_wconf 72' lang='lat' dir='ltr'>Quia,</span> <span class='ocrx_word' id='word_1_45' title='bbox 382 689 415 730; x_wconf 89' lang='lat' dir='ltr'>si</span> <span class='ocrx_word' id='word_1_46' title='bbox 441 690 547 730; x_wconf 90' lang='lat' dir='ltr'>mori</span> <span class='ocrx_word' id='word_1_47' title='bbox 572 689 699 730; x_wconf 85' lang='lat' dir='ltr'>etiam</span> <span class='ocrx_word' id='word_1_48' title='bbox 724 690 905 731; x_wconf 80' lang='lat' dir='ltr'>mortuis</span> <span class='ocrx_word' id='word_1_49' title='bbox 932 690 1137 732; x_wconf 81' lang='lat' dir='ltr'>miserum</span> <span class='ocrx_word' id='word_1_50' title='bbox 1163 700 1289 740; x_wconf 88' lang='lat' dir='ltr'>esset,</span> <span class='ocrx_word' id='word_1_51' title='bbox 1317 693 1451 732; x_wconf 83' lang='lat' dir='ltr'>infini-</span> 
     </span>
     <span class='ocr_line' id='line_1_9' title="bbox 70 761 1450 815; baseline 0.001 -13"><span class='ocrx_word' id='word_1_52' title='bbox 70 769 162 802; x_wconf 86' lang='lat' dir='ltr'>tum</span> <span class='ocrx_word' id='word_1_53' title='bbox 181 763 393 815; x_wconf 82' lang='lat' dir='ltr'>quoddam</span> <span class='ocrx_word' id='word_1_54' title='bbox 418 768 460 802; x_wconf 89' lang='lat' dir='ltr'>et</span> <span class='ocrx_word' id='word_1_55' title='bbox 486 761 794 814; x_wconf 85' lang='lat' dir='ltr'>sempiternum</span> <span class='ocrx_word' id='word_1_56' title='bbox 820 763 978 802; x_wconf 79' lang='lat' dir='ltr'>malum</span> <span class='ocrx_word' id='word_1_57' title='bbox 1002 764 1259 804; x_wconf 74' lang='lat' dir='ltr'>haberemus</span> <span class='ocrx_word' id='word_1_58' title='bbox 1284 765 1323 804; x_wconf 92' lang='lat' dir='ltr'>in</span> <span class='ocrx_word' id='word_1_59' title='bbox 1343 764 1450 813; x_wconf 74' lang='lat' dir='ltr'>vita3</span> 
     </span>
     <span class='ocr_line' id='line_1_10' title="bbox 70 833 1448 886; baseline 0.002 -13"><span class='ocrx_word' id='word_1_60' title='bbox 70 847 185 874; x_wconf 87' lang='lat' dir='ltr'>nunc</span> <span class='ocrx_word' id='word_1_61' title='bbox 208 834 331 874; x_wconf 79' lang='lat' dir='ltr'>video</span> <span class='ocrx_word' id='word_1_62' title='bbox 355 833 528 882; x_wconf 83' lang='lat' dir='ltr'>calcem,</span> <span class='ocrx_word' id='word_1_63' title='bbox 553 834 605 873; x_wconf 85' lang='lat' dir='ltr'>ad</span> <span class='ocrx_word' id='word_1_64' title='bbox 634 848 761 886; x_wconf 83' lang='lat' dir='ltr'>quam</span> <span class='ocrx_word' id='word_1_65' title='bbox 787 848 883 874; x_wconf 90' lang='lat' dir='ltr'>cum</span> <span class='ocrx_word' id='word_1_66' title='bbox 912 834 965 874; x_wconf 85' lang='lat' dir='ltr'>sit</span> <span class='ocrx_word' id='word_1_67' title='bbox 996 836 1238 884; x_wconf 87' lang='lat' dir='ltr'>decursum,</span> <span class='ocrx_word' id='word_1_68' title='bbox 1263 836 1365 875; x_wconf 90' lang='lat' dir='ltr'>nihil</span> <span class='ocrx_word' id='word_1_69' title='bbox 1396 836 1448 876; x_wconf 82' lang='lat' dir='ltr'>sit</span> 
     </span>
     <span class='ocr_line' id='line_1_11' title="bbox 70 905 1451 960; baseline 0.001 -15"><span class='ocrx_word' id='word_1_70' title='bbox 70 912 293 958; x_wconf 84' lang='lat' dir='ltr'>praeterea</span> <span class='ocrx_word' id='word_1_71' title='bbox 330 905 713 946; x_wconf 81' lang='lat' dir='ltr'>extimescendum.</span> <span class='ocrx_word' id='word_1_72' title='bbox 795 906 882 946; x_wconf 84' lang='lat' dir='ltr'>Sed</span> <span class='ocrx_word' id='word_1_73' title='bbox 925 912 972 945; x_wconf 88' lang='lat' dir='ltr'>tu</span> <span class='ocrx_word' id='word_1_74' title='bbox 1012 906 1114 946; x_wconf 89' lang='lat' dir='ltr'>mihi</span> <span class='ocrx_word' id='word_1_75' title='bbox 1153 907 1310 947; x_wconf 76' lang='lat' dir='ltr'>videris</span> <span class='ocrx_word' id='word_1_76' title='bbox 1354 908 1451 960; x_wconf 68' lang='lat' dir='ltr'>Epi-</span> 
     </span>
     <span class='ocr_line' id='line_1_12' title="bbox 70 975 1448 1027; baseline 0.002 -11"><span class='ocrx_word' id='word_1_77' title='bbox 70 976 244 1025; x_wconf 86' lang='lat' dir='ltr'>charmi,</span> <span class='ocrx_word' id='word_1_78' title='bbox 273 976 389 1017; x_wconf 82' lang='lat' dir='ltr'>acuti</span> <span class='ocrx_word' id='word_1_79' title='bbox 418 990 499 1017; x_wconf 86' lang='lat' dir='ltr'>nec</span> <span class='ocrx_word' id='word_1_80' title='bbox 527 975 676 1017; x_wconf 90' lang='lat' dir='ltr'>insulsi</span> <span class='ocrx_word' id='word_1_81' title='bbox 706 976 903 1025; x_wconf 87' lang='lat' dir='ltr'>hominis,</span> <span class='ocrx_word' id='word_1_82' title='bbox 934 985 981 1018; x_wconf 87' lang='lat' dir='ltr'>ut</span> <span class='ocrx_word' id='word_1_83' title='bbox 1015 978 1159 1027; x_wconf 82' lang='lat' dir='ltr'>Siculi,</span> <span class='ocrx_word' id='word_1_84' title='bbox 1189 980 1448 1020; x_wconf 78' lang='lat' dir='ltr'>sententiam</span> 
     </span>
     <span class='ocr_line' id='line_1_13' title="bbox 70 1049 202 1102; baseline 0.008 -13"><span class='ocrx_word' id='word_1_85' title='bbox 70 1049 202 1102; x_wconf 85' lang='lat' dir='ltr'>sequi.</span> 
     </span>
    </p>

    <p class='ocr_par' dir='ltr' id='par_1_5' title="bbox 130 1119 788 1173">
     <span class='ocr_line' id='line_1_14' title="bbox 130 1119 788 1173; baseline -0.002 -12"><span class='ocrx_word' id='word_1_86' title='bbox 130 1121 186 1161; x_wconf 83' lang='lat' dir='ltr'>A.</span> <span class='ocrx_word' id='word_1_87' title='bbox 221 1120 361 1173; x_wconf 75' lang='lat' dir='ltr'>Quam</span> <span class='ocrx_word' id='word_1_88' title='bbox 382 1120 397 1160; x_wconf 88' lang='lat'>?</span> <span class='ocrx_word' id='word_1_89' title='bbox 428 1134 515 1160; x_wconf 90' lang='lat' dir='ltr'>non</span> <span class='ocrx_word' id='word_1_90' title='bbox 539 1119 652 1161; x_wconf 87' lang='lat' dir='ltr'>enim</span> <span class='ocrx_word' id='word_1_91' title='bbox 677 1119 788 1161; x_wconf 77' lang='lat' dir='ltr'>novi.</span> 
     </span>
    </p>

    <p class='ocr_par' dir='ltr' id='par_1_6' title="bbox 69 1192 1450 1376">
     <span class='ocr_line' id='line_1_15' title="bbox 921 1192 1450 1235; baseline 0.002 -2"><span class='ocrx_word' id='word_1_92' title='bbox 921 1192 1015 1233; x_wconf 84' lang='lat' dir='ltr'>Scis</span> <span class='ocrx_word' id='word_1_93' title='bbox 1043 1193 1155 1234; x_wconf 89' lang='lat' dir='ltr'>enim</span> <span class='ocrx_word' id='word_1_94' title='bbox 1188 1208 1256 1235; x_wconf 89' lang='lat' dir='ltr'>me</span> <span class='ocrx_word' id='word_1_95' title='bbox 1285 1195 1450 1235; x_wconf 80' lang='lat' dir='ltr'>Graece</span> 
     </span>
     <span class='ocr_line' id='line_1_16' title="bbox 69 1263 1450 1317; baseline -0.002 -12"><span class='ocrx_word' id='word_1_96' title='bbox 69 1264 185 1317; x_wconf 87' lang='lat' dir='ltr'>loqui</span> <span class='ocrx_word' id='word_1_97' title='bbox 208 1263 249 1303; x_wconf 93' lang='lat' dir='ltr'>in</span> <span class='ocrx_word' id='word_1_98' title='bbox 276 1264 431 1304; x_wconf 84' lang='lat' dir='ltr'>Latino</span> <span class='ocrx_word' id='word_1_99' title='bbox 454 1277 652 1304; x_wconf 75' lang='lat' dir='ltr'>sermone</span> <span class='ocrx_word' id='word_1_100' title='bbox 675 1277 761 1303; x_wconf 88' lang='lat' dir='ltr'>non</span> <span class='ocrx_word' id='word_1_101' title='bbox 785 1264 881 1316; x_wconf 87' lang='lat' dir='ltr'>plus</span> <span class='ocrx_word' id='word_1_102' title='bbox 905 1265 1043 1305; x_wconf 85' lang='lat' dir='ltr'>solere</span> <span class='ocrx_word' id='word_1_103' title='bbox 1065 1280 1193 1317; x_wconf 82' lang='lat' dir='ltr'>quam</span> <span class='ocrx_word' id='word_1_104' title='bbox 1218 1265 1258 1305; x_wconf 91' lang='lat' dir='ltr'>in</span> <span class='ocrx_word' id='word_1_105' title='bbox 1283 1267 1450 1307; x_wconf 74' lang='lat' dir='ltr'>Graeco</span> 
     </span>
     <span class='ocr_line' id='line_1_17' title="bbox 72 1336 237 1376; baseline 0 0"><span class='ocrx_word' id='word_1_106' title='bbox 72 1336 237 1376; x_wconf 81' lang='lat' dir='ltr'>Latine.</span> 
     </span>
    </p>

    <p class='ocr_par' dir='ltr' id='par_1_7' title="bbox 130 1407 622 1460">
     <span class='ocr_line' id='line_1_18' title="bbox 130 1407 622 1460; baseline -0.002 -11"><span class='ocrx_word' id='word_1_107' title='bbox 130 1408 185 1449; x_wconf 89' lang='grc' dir='ltr'>Α.</span> <span class='ocrx_word' id='word_1_108' title='bbox 223 1408 279 1448; x_wconf 88' lang='lat' dir='ltr'>Et</span> <span class='ocrx_word' id='word_1_109' title='bbox 301 1414 421 1448; x_wconf 87' lang='lat' dir='ltr'>recte</span> <span class='ocrx_word' id='word_1_110' title='bbox 438 1407 622 1460; x_wconf 85' lang='lat' dir='ltr'>quidem.</span> 
     </span>
    </p>
   </div>
   <div class='ocr_carea' id='block_1_2' title="bbox 70 1479 420 1520">
    <p class='ocr_par' dir='ltr' id='par_1_8' title="bbox 70 1479 420 1520">
     <span class='ocr_line' id='line_1_19' title="bbox 70 1479 420 1520; baseline -0.006 0"><span class='ocrx_word' id='word_1_111' title='bbox 70 1479 152 1520; x_wconf 86' lang='lat' dir='ltr'>ista</span> <span class='ocrx_word' id='word_1_112' title='bbox 175 1479 389 1520; x_wconf 90' lang='lat' dir='ltr'>sententia</span> <span class='ocrx_word' id='word_1_113' title='bbox 406 1479 420 1518; x_wconf 90' lang='lat'>?</span> 
     </span>
    </p>
   </div>
   <div class='ocr_carea' id='block_1_3' title="bbox 129 1191 850 1244">
    <p class='ocr_par' dir='ltr' id='par_1_9' title="bbox 129 1191 850 1244">
     <span class='ocr_line' id='line_1_20' title="bbox 129 1191 850 1244; baseline -0.001 -11"><span class='ocrx_word' id='word_1_114' title='bbox 129 1193 193 1233; x_wconf 83' lang='lat' dir='ltr'>M.</span> <span class='ocrx_word' id='word_1_115' title='bbox 233 1192 400 1240; x_wconf 84' lang='lat' dir='ltr'>Dicam,</span> <span class='ocrx_word' id='word_1_116' title='bbox 425 1191 460 1232; x_wconf 91' lang='lat' dir='ltr'>si</span> <span class='ocrx_word' id='word_1_117' title='bbox 490 1199 650 1244; x_wconf 83' lang='lat' dir='ltr'>potero,</span> <span class='ocrx_word' id='word_1_118' title='bbox 685 1192 850 1233; x_wconf 82' lang='lat' dir='ltr'>Latine.</span> 
     </span>
    </p>
   </div>
   <div class='ocr_carea' id='block_1_4' title="bbox 682 1407 1449 1461">
    <p class='ocr_par' dir='ltr' id='par_1_10' title="bbox 682 1407 1449 1461">
     <span class='ocr_line' id='line_1_21' title="bbox 682 1407 1449 1461; baseline 0.001 -13"><span class='ocrx_word' id='word_1_119' title='bbox 682 1407 767 1448; x_wconf 84' lang='lat' dir='ltr'>Sed</span> <span class='ocrx_word' id='word_1_120' title='bbox 790 1421 899 1460; x_wconf 88' lang='lat' dir='ltr'>quae</span> <span class='ocrx_word' id='word_1_121' title='bbox 917 1408 1093 1448; x_wconf 87' lang='lat' dir='ltr'>tandem</span> <span class='ocrx_word' id='word_1_122' title='bbox 1113 1416 1179 1448; x_wconf 91' lang='lat' dir='ltr'>est</span> <span class='ocrx_word' id='word_1_123' title='bbox 1205 1408 1449 1461; x_wconf 75' lang='lat' dir='ltr'>Epicharmi</span> 
     </span>
    </p>
   </div>
   <div class='ocr_carea' id='block_1_5' title="bbox 131 1553 1451 1665">
    <p class='ocr_par' dir='ltr' id='par_1_11' title="bbox 131 1553 1451 1665">
     <span class='ocr_line' id='line_1_22' title="bbox 131 1553 1451 1606; baseline 0 -7"><span class='ocrx_word' id='word_1_124' title='bbox 131 1563 190 1599; x_wconf 85' lang='lat' dir='ltr'>M.</span> <span class='ocrx_word' id='word_1_125' title='bbox 230 1553 391 1599; x_wconf 75' lang='lat' dir='ltr'>Emori</span> <span class='ocrx_word' id='word_1_126' title='bbox 435 1561 568 1606; x_wconf 89' lang='lat' dir='ltr'>nolo&#39;,</span> <span class='ocrx_word' id='word_1_127' title='bbox 612 1560 697 1598; x_wconf 91' lang='lat' dir='ltr'>sed</span> <span class='ocrx_word' id='word_1_128' title='bbox 743 1573 814 1598; x_wconf 88' lang='lat' dir='ltr'>me</span> <span class='ocrx_word' id='word_1_129' title='bbox 856 1573 965 1598; x_wconf 87' lang='lat' dir='ltr'>esse</span> <span class='ocrx_word' id='word_1_130' title='bbox 1013 1561 1253 1599; x_wconf 78' lang='lat' dir='ltr'>mortuum</span> <span class='ocrx_word' id='word_1_131' title='bbox 1302 1563 1451 1599; x_wconf 86' lang='lat' dir='ltr'>nihili</span> 
     </span>
     <span class='ocr_line' id='line_1_23' title="bbox 346 1627 573 1665; baseline -0.009 0"><span class='ocrx_word' id='word_1_132' title='bbox 346 1627 573 1665; x_wconf 86' lang='lat' dir='ltr'>ae&#39;stimo.</span> 
     </span>
    </p>
   </div>
   <div class='ocr_carea' id='block_1_6' title="bbox 70 1722 729 2470">
    <p class='ocr_par' dir='ltr' id='par_1_12' title="bbox 70 1722 725 1808">
     <span class='ocr_line' id='line_1_24' title="bbox 71 1722 725 1761; baseline -0.005 -6"><span class='ocrx_word' id='word_1_133' title='bbox 71 1735 122 1755; x_wconf 76' lang='lat' dir='ltr'>me</span> <span class='ocrx_word' id='word_1_134' title='bbox 167 1729 198 1754; x_wconf 72' lang='lat' dir='ltr'>to</span> <span class='ocrx_word' id='word_1_135' title='bbox 243 1724 358 1754; x_wconf 72' lang='lat' dir='ltr'>admit.</span> <span class='ocrx_word' id='word_1_136' title='bbox 376 1742 418 1745; x_wconf 90' lang='lat'>—</span> <span class='ocrx_word' id='word_1_137' title='bbox 436 1722 511 1753; x_wconf 90' lang='lat' dir='ltr'>iam</span> <span class='ocrx_word' id='word_1_138' title='bbox 561 1722 725 1761; x_wconf 82' lang='lat' dir='ltr'>iamque,</span> 
     </span>
     <span class='ocr_line' id='line_1_25' title="bbox 70 1769 419 1808; baseline -0.009 -9"><span class='ocrx_word' id='word_1_139' title='bbox 70 1769 206 1808; x_wconf 77' lang='lat' dir='ltr'>shortly.</span> <span class='ocrx_word' id='word_1_140' title='bbox 232 1779 310 1798; x_wconf 64' lang='lat' dir='ltr'>even</span> <span class='ocrx_word' id='word_1_141' title='bbox 336 1778 419 1797; x_wconf 80' lang='lat' dir='ltr'>now.</span> 
     </span>
    </p>

    <p class='ocr_par' dir='ltr' id='par_1_13' title="bbox 71 1810 729 2470">
     <span class='ocr_line' id='line_1_26' title="bbox 116 1810 726 1851; baseline -0.005 -9"><span class='ocrx_word' id='word_1_142' title='bbox 116 1812 150 1846; x_wconf 82' lang='lat'>8.</span> <span class='ocrx_word' id='word_1_143' title='bbox 186 1812 238 1842; x_wconf 90' lang='lat'>15.</span> <span class='ocrx_word' id='word_1_144' title='bbox 265 1811 412 1851; x_wconf 89' lang='lat' dir='ltr'>ecquid,</span> <span class='ocrx_word' id='word_1_145' title='bbox 431 1815 467 1840; x_wconf 82' lang='lat' dir='ltr'>at</span> <span class='ocrx_word' id='word_1_146' title='bbox 487 1811 538 1840; x_wconf 80' lang='lat' dir='ltr'>all</span> <span class='ocrx_word' id='word_1_147' title='bbox 550 1821 561 1845; x_wconf 90' lang='lat'>,·</span> <span class='ocrx_word' id='word_1_148' title='bbox 588 1810 669 1839; x_wconf 86' lang='lat' dir='ltr'>used</span> <span class='ocrx_word' id='word_1_149' title='bbox 692 1816 726 1839; x_wconf 87' lang='lat' dir='ltr'>to</span> 
     </span>
     <span class='ocr_line' id='line_1_27' title="bbox 72 1854 727 1897; baseline -0.006 -11"><span class='ocrx_word' id='word_1_150' title='bbox 72 1857 146 1897; x_wconf 83' lang='lat' dir='ltr'>give</span> <span class='ocrx_word' id='word_1_151' title='bbox 168 1856 341 1896; x_wconf 81' lang='lat' dir='ltr'>emphasis</span> <span class='ocrx_word' id='word_1_152' title='bbox 365 1860 400 1885; x_wconf 93' lang='lat' dir='ltr'>to</span> <span class='ocrx_word' id='word_1_153' title='bbox 423 1854 480 1884; x_wconf 93' lang='lat' dir='ltr'>the</span> <span class='ocrx_word' id='word_1_154' title='bbox 504 1854 727 1895; x_wconf 72' lang='lat' dir='ltr'>question.—</span> 
     </span>
     <span class='ocr_line' id='line_1_28' title="bbox 73 1898 724 1941; baseline -0.008 -9"><span class='ocrx_word' id='word_1_155' title='bbox 73 1906 256 1941; x_wconf 88' lang='lat' dir='ltr'>quantum</span> <span class='ocrx_word' id='word_1_156' title='bbox 291 1923 300 1931; x_wconf 92' lang='lat'><strong>.</strong></span> <span class='ocrx_word' id='word_1_157' title='bbox 334 1923 342 1930; x_wconf 91' lang='lat'>.</span> <span class='ocrx_word' id='word_1_158' title='bbox 376 1922 384 1930; x_wconf 91' lang='lat'>.</span> <span class='ocrx_word' id='word_1_159' title='bbox 417 1898 630 1929; x_wconf 87' lang='lat' dir='ltr'>deieceris:</span> <span class='ocrx_word' id='word_1_160' title='bbox 682 1898 724 1928; x_wconf 83' lang='lat' dir='ltr'>cf.</span> 
     </span>
     <span class='ocr_line' id='line_1_29' title="bbox 79 1944 728 1985; baseline -0.005 -11"><span class='ocrx_word' id='word_1_161' title='bbox 79 1949 241 1985; x_wconf 83' lang='lat' dir='ltr'>quantum</span> <span class='ocrx_word' id='word_1_162' title='bbox 273 1969 278 1973; x_wconf 94' lang='lat'>.</span> <span class='ocrx_word' id='word_1_163' title='bbox 310 1969 314 1974; x_wconf 96' lang='lat'>.</span> <span class='ocrx_word' id='word_1_164' title='bbox 345 1967 352 1973; x_wconf 90' lang='lat'>.</span> <span class='ocrx_word' id='word_1_165' title='bbox 375 1944 414 1974; x_wconf 72' lang='lat' dir='ltr'>dc</span> <span class='ocrx_word' id='word_1_166' title='bbox 445 1944 569 1973; x_wconf 73' lang='lat' dir='ltr'>doloris</span> <span class='ocrx_word' id='word_1_167' title='bbox 601 1947 728 1972; x_wconf 68' lang='lat' dir='ltr'>terrore</span> 
     </span>
     <span class='ocr_line' id='line_1_30' title="bbox 71 1987 727 2026; baseline -0.003 -7"><span class='ocrx_word' id='word_1_168' title='bbox 71 1990 235 2024; x_wconf 71' lang='lat' dir='ltr'>defeceris,</span> <span class='ocrx_word' id='word_1_169' title='bbox 270 1989 316 2018; x_wconf 87' lang='grc' dir='ltr'>ΙΙ.</span> <span class='ocrx_word' id='word_1_170' title='bbox 355 1988 507 2026; x_wconf 75' lang='lat' dir='ltr'>14.——in</span> <span class='ocrx_word' id='word_1_171' title='bbox 539 1987 637 2017; x_wconf 89' lang='lat' dir='ltr'>vita:</span> <span class='ocrx_word' id='word_1_172' title='bbox 671 1997 727 2017; x_wconf 87' lang='lat' dir='ltr'>see</span> 
     </span>
     <span class='ocr_line' id='line_1_31' title="bbox 72 2033 729 2073; baseline -0.005 -9"><span class='ocrx_word' id='word_1_173' title='bbox 72 2033 154 2064; x_wconf 77' lang='lat' dir='ltr'>Crit.</span> <span class='ocrx_word' id='word_1_174' title='bbox 176 2033 473 2073; x_wconf 66' lang='lat' dir='ltr'>App—calcem</span> <span class='ocrx_word' id='word_1_175' title='bbox 497 2055 506 2062; x_wconf 91' lang='lat'><strong>.</strong></span> <span class='ocrx_word' id='word_1_176' title='bbox 530 2055 538 2062; x_wconf 88' lang='lat'><strong>.</strong></span> <span class='ocrx_word' id='word_1_177' title='bbox 563 2055 570 2062; x_wconf 90' lang='lat'>.</span> <span class='ocrx_word' id='word_1_178' title='bbox 594 2033 729 2062; x_wconf 89' lang='lat' dir='ltr'>decur-</span> 
     </span>
     <span class='ocr_line' id='line_1_32' title="bbox 72 2076 727 2116; baseline -0.005 -7"><span class='ocrx_word' id='word_1_179' title='bbox 72 2087 158 2109; x_wconf 85' lang='lat' dir='ltr'>sum</span> <span class='ocrx_word' id='word_1_180' title='bbox 172 2087 179 2108; x_wconf 90' lang='lat'>:</span> <span class='ocrx_word' id='word_1_181' title='bbox 198 2087 217 2108; x_wconf 86' lang='lat' dir='ltr'>a</span> <span class='ocrx_word' id='word_1_182' title='bbox 229 2077 375 2108; x_wconf 84' lang='lat' dir='ltr'>familiar</span> <span class='ocrx_word' id='word_1_183' title='bbox 391 2077 497 2116; x_wconf 88' lang='lat' dir='ltr'>figure</span> <span class='ocrx_word' id='word_1_184' title='bbox 515 2076 621 2106; x_wconf 82' lang='lat' dir='ltr'>taken</span> <span class='ocrx_word' id='word_1_185' title='bbox 637 2076 727 2106; x_wconf 86' lang='lat' dir='ltr'>from</span> 
     </span>
     <span class='ocr_line' id='line_1_33' title="bbox 72 2120 726 2161; baseline -0.003 -9"><span class='ocrx_word' id='word_1_186' title='bbox 72 2122 130 2153; x_wconf 89' lang='lat' dir='ltr'>the</span> <span class='ocrx_word' id='word_1_187' title='bbox 148 2123 283 2152; x_wconf 87' lang='lat' dir='ltr'>Roman</span> <span class='ocrx_word' id='word_1_188' title='bbox 309 2122 444 2157; x_wconf 88' lang='lat' dir='ltr'>Circus;</span> <span class='ocrx_word' id='word_1_189' title='bbox 470 2121 513 2151; x_wconf 87' lang='lat' dir='ltr'>cf.</span> <span class='ocrx_word' id='word_1_190' title='bbox 530 2122 569 2151; x_wconf 77' lang='lat' dir='ltr'>de</span> <span class='ocrx_word' id='word_1_191' title='bbox 591 2122 667 2151; x_wconf 82' lang='lat' dir='ltr'>Sen.</span> <span class='ocrx_word' id='word_1_192' title='bbox 685 2120 726 2161; x_wconf 83' lang='lat'>83</span> 
     </span>
     <span class='ocr_line' id='line_1_34' title="bbox 73 2166 728 2207; baseline -0.003 -10"><span class='ocrx_word' id='word_1_193' title='bbox 73 2178 130 2197; x_wconf 82' lang='lat' dir='ltr'>nec</span> <span class='ocrx_word' id='word_1_194' title='bbox 145 2178 222 2197; x_wconf 77' lang='lat' dir='ltr'>vero</span> <span class='ocrx_word' id='word_1_195' title='bbox 237 2167 336 2197; x_wconf 74' lang='lat' dir='ltr'>velim</span> <span class='ocrx_word' id='word_1_196' title='bbox 356 2168 456 2207; x_wconf 76' lang='lat' dir='ltr'>quasi</span> <span class='ocrx_word' id='word_1_197' title='bbox 473 2167 609 2196; x_wconf 82' lang='lat' dir='ltr'>decurso</span> <span class='ocrx_word' id='word_1_198' title='bbox 624 2166 728 2205; x_wconf 78' lang='lat' dir='ltr'>spatio</span> 
     </span>
     <span class='ocr_line' id='line_1_35' title="bbox 71 2211 727 2242; baseline -0.003 -1"><span class='ocrx_word' id='word_1_199' title='bbox 71 2212 119 2241; x_wconf 87' lang='lat' dir='ltr'>ad</span> <span class='ocrx_word' id='word_1_200' title='bbox 152 2222 297 2242; x_wconf 76' lang='lat' dir='ltr'>carceres</span> <span class='ocrx_word' id='word_1_201' title='bbox 330 2222 350 2240; x_wconf 85' lang='grc' dir='ltr'><em>α</em></span> <span class='ocrx_word' id='word_1_202' title='bbox 385 2211 471 2241; x_wconf 77' lang='lat' dir='ltr'>calce</span> <span class='ocrx_word' id='word_1_203' title='bbox 509 2211 667 2240; x_wconf 76' lang='lat' dir='ltr'>revocari.</span> <span class='ocrx_word' id='word_1_204' title='bbox 684 2228 727 2232; x_wconf 82' lang='lat'>—</span> 
     </span>
     <span class='ocr_line' id='line_1_36' title="bbox 73 2253 726 2295; baseline -0.003 -10"><span class='ocrx_word' id='word_1_205' title='bbox 73 2255 312 2295; x_wconf 83' lang='lat' dir='ltr'>Epicharmi:</span> <span class='ocrx_word' id='word_1_206' title='bbox 340 2254 575 2294; x_wconf 85' lang='lat' dir='ltr'>Epicharmus,</span> <span class='ocrx_word' id='word_1_207' title='bbox 595 2253 726 2294; x_wconf 88' lang='lat' dir='ltr'>though</span> 
     </span>
     <span class='ocr_line' id='line_1_37' title="bbox 72 2297 726 2339; baseline -0.002 -11"><span class='ocrx_word' id='word_1_208' title='bbox 72 2298 239 2339; x_wconf 86' lang='lat' dir='ltr'>probably</span> <span class='ocrx_word' id='word_1_209' title='bbox 261 2298 346 2328; x_wconf 90' lang='lat' dir='ltr'>born</span> <span class='ocrx_word' id='word_1_210' title='bbox 370 2299 404 2328; x_wconf 90' lang='lat' dir='ltr'>in</span> <span class='ocrx_word' id='word_1_211' title='bbox 428 2298 508 2332; x_wconf 83' lang='lat' dir='ltr'>Cos,</span> <span class='ocrx_word' id='word_1_212' title='bbox 527 2297 651 2337; x_wconf 84' lang='lat' dir='ltr'>passed</span> <span class='ocrx_word' id='word_1_213' title='bbox 674 2297 726 2328; x_wconf 87' lang='lat' dir='ltr'>his</span> 
     </span>
     <span class='ocr_line' id='line_1_38' title="bbox 71 2341 726 2383; baseline -0.002 -11"><span class='ocrx_word' id='word_1_214' title='bbox 71 2342 130 2372; x_wconf 88' lang='lat' dir='ltr'>life</span> <span class='ocrx_word' id='word_1_215' title='bbox 161 2348 195 2372; x_wconf 89' lang='lat' dir='ltr'>at</span> <span class='ocrx_word' id='word_1_216' title='bbox 230 2342 406 2383; x_wconf 81' lang='lat' dir='ltr'>Syracuse.</span> <span class='ocrx_word' id='word_1_217' title='bbox 460 2342 516 2372; x_wconf 90' lang='lat' dir='ltr'>He</span> <span class='ocrx_word' id='word_1_218' title='bbox 547 2341 609 2371; x_wconf 83' lang='lat' dir='ltr'>has</span> <span class='ocrx_word' id='word_1_219' title='bbox 642 2341 726 2372; x_wconf 89' lang='lat' dir='ltr'>been</span> 
     </span>
     <span class='ocr_line' id='line_1_39' title="bbox 73 2384 726 2426; baseline -0.002 -11"><span class='ocrx_word' id='word_1_220' title='bbox 73 2385 181 2416; x_wconf 88' lang='lat' dir='ltr'>called</span> <span class='ocrx_word' id='word_1_221' title='bbox 215 2385 272 2416; x_wconf 89' lang='lat' dir='ltr'>the</span> <span class='ocrx_word' id='word_1_222' title='bbox 303 2386 459 2415; x_wconf 88' lang='lat' dir='ltr'>inventor</span> <span class='ocrx_word' id='word_1_223' title='bbox 497 2385 535 2415; x_wconf 89' lang='lat' dir='ltr'>of</span> <span class='ocrx_word' id='word_1_224' title='bbox 573 2384 726 2426; x_wconf 87' lang='lat' dir='ltr'>comedy,</span> 
     </span>
     <span class='ocr_line' id='line_1_40' title="bbox 73 2428 727 2470; baseline -0.002 -11"><span class='ocrx_word' id='word_1_225' title='bbox 73 2428 200 2469; x_wconf 87' lang='lat' dir='ltr'>having</span> <span class='ocrx_word' id='word_1_226' title='bbox 223 2429 407 2469; x_wconf 85' lang='lat' dir='ltr'>produced,</span> <span class='ocrx_word' id='word_1_227' title='bbox 432 2428 538 2459; x_wconf 87' lang='lat' dir='ltr'>about</span> <span class='ocrx_word' id='word_1_228' title='bbox 565 2436 626 2470; x_wconf 84' lang='lat'>500</span> <span class='ocrx_word' id='word_1_229' title='bbox 651 2436 727 2465; x_wconf 87' lang='lat' dir='ltr'><strong>B.C.‚</strong></span> 
     </span>
    </p>
   </div>
   <div class='ocr_carea' id='block_1_7' title="bbox 795 1721 1453 2462">
    <p class='ocr_par' dir='ltr' id='par_1_14' title="bbox 795 1721 1453 2416">
     <span class='ocr_line' id='line_1_41' title="bbox 796 1721 1450 1764; baseline 0.003 -13"><span class='ocrx_word' id='word_1_230' title='bbox 796 1721 853 1752; x_wconf 89' lang='lat' dir='ltr'>the</span> <span class='ocrx_word' id='word_1_231' title='bbox 868 1721 939 1751; x_wconf 87' lang='lat' dir='ltr'>first</span> <span class='ocrx_word' id='word_1_232' title='bbox 953 1722 1098 1763; x_wconf 89' lang='lat' dir='ltr'>comedy</span> <span class='ocrx_word' id='word_1_233' title='bbox 1111 1723 1268 1764; x_wconf 86' lang='lat' dir='ltr'>properly</span> <span class='ocrx_word' id='word_1_234' title='bbox 1281 1734 1319 1754; x_wconf 91' lang='lat' dir='ltr'>so</span> <span class='ocrx_word' id='word_1_235' title='bbox 1333 1724 1450 1755; x_wconf 82' lang='lat' dir='ltr'>called.</span> 
     </span>
     <span class='ocr_line' id='line_1_42' title="bbox 798 1766 1453 1807; baseline 0.005 -12"><span class='ocrx_word' id='word_1_236' title='bbox 798 1766 836 1795; x_wconf 88' lang='lat' dir='ltr'>In</span> <span class='ocrx_word' id='word_1_237' title='bbox 863 1766 1068 1807; x_wconf 87' lang='lat' dir='ltr'>philosophy</span> <span class='ocrx_word' id='word_1_238' title='bbox 1094 1767 1318 1806; x_wconf 85' lang='lat' dir='ltr'>Epicharmus</span> <span class='ocrx_word' id='word_1_239' title='bbox 1344 1778 1410 1798; x_wconf 79' lang='lat' dir='ltr'>was</span> <span class='ocrx_word' id='word_1_240' title='bbox 1433 1779 1453 1798; x_wconf 88' lang='lat' dir='ltr'>a</span> 
     </span>
     <span class='ocr_line' id='line_1_43' title="bbox 795 1809 1452 1851; baseline 0.005 -12"><span class='ocrx_word' id='word_1_241' title='bbox 795 1809 948 1840; x_wconf 80' lang='lat' dir='ltr'>follower</span> <span class='ocrx_word' id='word_1_242' title='bbox 969 1810 1005 1839; x_wconf 83' lang='lat' dir='ltr'>of</span> <span class='ocrx_word' id='word_1_243' title='bbox 1032 1810 1252 1851; x_wconf 84' lang='lat' dir='ltr'>Pythagoras.</span> <span class='ocrx_word' id='word_1_244' title='bbox 1302 1812 1357 1842; x_wconf 91' lang='lat' dir='ltr'>He</span> <span class='ocrx_word' id='word_1_245' title='bbox 1375 1812 1452 1842; x_wconf 88' lang='lat' dir='ltr'>died</span> 
     </span>
     <span class='ocr_line' id='line_1_44' title="bbox 796 1853 1450 1896; baseline 0.005 -13"><span class='ocrx_word' id='word_1_246' title='bbox 796 1853 902 1884; x_wconf 88' lang='lat' dir='ltr'>about</span> <span class='ocrx_word' id='word_1_247' title='bbox 916 1862 979 1894; x_wconf 82' lang='lat'>452</span> <span class='ocrx_word' id='word_1_248' title='bbox 995 1862 1059 1884; x_wconf 64' lang='lat' dir='ltr'>Rc.</span> <span class='ocrx_word' id='word_1_249' title='bbox 1075 1859 1109 1884; x_wconf 89' lang='lat' dir='ltr'>at</span> <span class='ocrx_word' id='word_1_250' title='bbox 1126 1864 1169 1884; x_wconf 89' lang='lat' dir='ltr'>an</span> <span class='ocrx_word' id='word_1_251' title='bbox 1187 1855 1362 1886; x_wconf 88' lang='lat' dir='ltr'>advanced</span> <span class='ocrx_word' id='word_1_252' title='bbox 1379 1866 1450 1896; x_wconf 83' lang='lat' dir='ltr'>age.</span> 
     </span>
     <span class='ocr_line' id='line_1_45' title="bbox 796 1898 1452 1931; baseline 0.003 -3"><span class='ocrx_word' id='word_1_253' title='bbox 796 1903 891 1928; x_wconf 80' lang='lat' dir='ltr'>——ut</span> <span class='ocrx_word' id='word_1_254' title='bbox 932 1898 1070 1929; x_wconf 91' lang='lat' dir='ltr'>Siculi:</span> <span class='ocrx_word' id='word_1_255' title='bbox 1103 1900 1152 1929; x_wconf 78' lang='lat' dir='ltr'>i.e.</span> <span class='ocrx_word' id='word_1_256' title='bbox 1186 1899 1210 1929; x_wconf 89' lang='lat' dir='ltr'>it</span> <span class='ocrx_word' id='word_1_257' title='bbox 1242 1910 1310 1930; x_wconf 84' lang='lat' dir='ltr'>was</span> <span class='ocrx_word' id='word_1_258' title='bbox 1343 1905 1378 1930; x_wconf 89' lang='lat' dir='ltr'>to</span> <span class='ocrx_word' id='word_1_259' title='bbox 1410 1900 1452 1931; x_wconf 88' lang='lat' dir='ltr'>be</span> 
     </span>
     <span class='ocr_line' id='line_1_46' title="bbox 797 1943 1451 1983; baseline 0.003 -11"><span class='ocrx_word' id='word_1_260' title='bbox 797 1943 961 1982; x_wconf 85' lang='lat' dir='ltr'>expected</span> <span class='ocrx_word' id='word_1_261' title='bbox 983 1943 1057 1973; x_wconf 88' lang='lat' dir='ltr'>that</span> <span class='ocrx_word' id='word_1_262' title='bbox 1078 1943 1130 1979; x_wconf 85' lang='lat' dir='ltr'>he,</span> <span class='ocrx_word' id='word_1_263' title='bbox 1147 1943 1250 1983; x_wconf 86' lang='lat' dir='ltr'>being</span> <span class='ocrx_word' id='word_1_264' title='bbox 1266 1954 1286 1974; x_wconf 89' lang='lat' dir='ltr'>a</span> <span class='ocrx_word' id='word_1_265' title='bbox 1305 1944 1451 1980; x_wconf 75' lang='lat' dir='ltr'>Siciliam,</span> 
     </span>
     <span class='ocr_line' id='line_1_47' title="bbox 797 1986 1449 2029; baseline 0.003 -13"><span class='ocrx_word' id='word_1_266' title='bbox 797 1986 909 2017; x_wconf 89' lang='lat' dir='ltr'>would</span> <span class='ocrx_word' id='word_1_267' title='bbox 927 1986 968 2017; x_wconf 91' lang='lat' dir='ltr'>be</span> <span class='ocrx_word' id='word_1_268' title='bbox 985 1988 1078 2027; x_wconf 82' lang='lat' dir='ltr'>witty</span> <span class='ocrx_word' id='word_1_269' title='bbox 1103 1986 1188 2027; x_wconf 87' lang='lat' dir='ltr'>(nec</span> <span class='ocrx_word' id='word_1_270' title='bbox 1214 1988 1384 2029; x_wconf 80' lang='lat' dir='ltr'>insulsi);</span> <span class='ocrx_word' id='word_1_271' title='bbox 1411 1994 1449 2019; x_wconf 83' lang='lat' dir='ltr'>ut</span> 
     </span>
     <span class='ocr_line' id='line_1_48' title="bbox 796 2031 1452 2063; baseline 0.002 -2"><span class='ocrx_word' id='word_1_272' title='bbox 796 2031 824 2061; x_wconf 89' lang='lat' dir='ltr'>is</span> <span class='ocrx_word' id='word_1_273' title='bbox 854 2036 914 2061; x_wconf 86' lang='lat' dir='ltr'>not</span> <span class='ocrx_word' id='word_1_274' title='bbox 939 2031 1022 2062; x_wconf 88' lang='lat' dir='ltr'>used</span> <span class='ocrx_word' id='word_1_275' title='bbox 1054 2032 1134 2062; x_wconf 90' lang='lat' dir='ltr'>here</span> <span class='ocrx_word' id='word_1_276' title='bbox 1162 2033 1196 2062; x_wconf 91' lang='lat' dir='ltr'>in</span> <span class='ocrx_word' id='word_1_277' title='bbox 1221 2043 1240 2063; x_wconf 90' lang='lat' dir='ltr'>a</span> <span class='ocrx_word' id='word_1_278' title='bbox 1265 2033 1452 2063; x_wconf 82' lang='lat' dir='ltr'>restrictive</span> 
     </span>
     <span class='ocr_line' id='line_1_49' title="bbox 796 2076 1453 2108; baseline 0.003 -2"><span class='ocrx_word' id='word_1_279' title='bbox 796 2086 896 2106; x_wconf 84' lang='lat' dir='ltr'>sense</span> <span class='ocrx_word' id='word_1_280' title='bbox 925 2076 1010 2106; x_wconf 82' lang='lat' dir='ltr'>“for</span> <span class='ocrx_word' id='word_1_281' title='bbox 1040 2087 1061 2108; x_wconf 85' lang='lat' dir='ltr'>a</span> <span class='ocrx_word' id='word_1_282' title='bbox 1094 2077 1263 2108; x_wconf 83' lang='lat' dir='ltr'>Sicilian.’&#39;</span> <span class='ocrx_word' id='word_1_283' title='bbox 1311 2078 1365 2107; x_wconf 90' lang='lat' dir='ltr'>On</span> <span class='ocrx_word' id='word_1_284' title='bbox 1395 2077 1453 2108; x_wconf 89' lang='lat' dir='ltr'>the</span> 
     </span>
     <span class='ocr_line' id='line_1_50' title="bbox 796 2120 1452 2157; baseline 0.002 -6"><span class='ocrx_word' id='word_1_285' title='bbox 796 2120 850 2151; x_wconf 89' lang='lat' dir='ltr'>wit</span> <span class='ocrx_word' id='word_1_286' title='bbox 877 2120 914 2151; x_wconf 82' lang='lat' dir='ltr'>of</span> <span class='ocrx_word' id='word_1_287' title='bbox 944 2121 1003 2152; x_wconf 89' lang='lat' dir='ltr'>the</span> <span class='ocrx_word' id='word_1_288' title='bbox 1029 2121 1196 2157; x_wconf 87' lang='lat' dir='ltr'>Sicilians,</span> <span class='ocrx_word' id='word_1_289' title='bbox 1222 2121 1264 2152; x_wconf 79' lang='lat' dir='ltr'>cf.</span> <span class='ocrx_word' id='word_1_290' title='bbox 1290 2123 1326 2151; x_wconf 86' lang='lat' dir='ltr'>in</span> <span class='ocrx_word' id='word_1_291' title='bbox 1359 2122 1452 2152; x_wconf 83' lang='lat' dir='ltr'>Verr.</span> 
     </span>
     <span class='ocr_line' id='line_1_51' title="bbox 797 2166 1449 2207; baseline 0.002 -12"><span class='ocrx_word' id='word_1_292' title='bbox 797 2166 858 2195; x_wconf 83' lang='lat' dir='ltr'>IV.</span> <span class='ocrx_word' id='word_1_293' title='bbox 891 2174 932 2207; x_wconf 82' lang='lat'>95</span> <span class='ocrx_word' id='word_1_294' title='bbox 965 2176 1151 2206; x_wconf 81' lang='lat' dir='ltr'>numquam</span> <span class='ocrx_word' id='word_1_295' title='bbox 1182 2170 1250 2196; x_wconf 82' lang='lat' dir='ltr'>tam</span> <span class='ocrx_word' id='word_1_296' title='bbox 1284 2167 1372 2196; x_wconf 79' lang='lat' dir='ltr'>male</span> <span class='ocrx_word' id='word_1_297' title='bbox 1401 2171 1449 2196; x_wconf 82' lang='lat' dir='ltr'>est</span> 
     </span>
     <span class='ocr_line' id='line_1_52' title="bbox 796 2211 1451 2251; baseline 0.002 -12"><span class='ocrx_word' id='word_1_298' title='bbox 796 2211 921 2240; x_wconf 77' lang='lat' dir='ltr'>Siculis</span> <span class='ocrx_word' id='word_1_299' title='bbox 942 2211 1026 2250; x_wconf 80' lang='lat' dir='ltr'>quin</span> <span class='ocrx_word' id='word_1_300' title='bbox 1047 2211 1184 2250; x_wconf 81' lang='lat' dir='ltr'>aliquid</span> <span class='ocrx_word' id='word_1_301' title='bbox 1191 2211 1302 2251; x_wconf 80' lang='lat' dir='ltr'>facete</span> <span class='ocrx_word' id='word_1_302' title='bbox 1322 2215 1353 2240; x_wconf 83' lang='lat' dir='ltr'>et</span> <span class='ocrx_word' id='word_1_303' title='bbox 1372 2221 1451 2240; x_wconf 87' lang='lat' dir='ltr'>com-</span> 
     </span>
     <span class='ocr_line' id='line_1_53' title="bbox 796 2254 1452 2286; baseline 0.003 -3"><span class='ocrx_word' id='word_1_304' title='bbox 796 2255 888 2284; x_wconf 64' lang='lat' dir='ltr'>mode</span> <span class='ocrx_word' id='word_1_305' title='bbox 928 2255 1051 2285; x_wconf 77' lang='lat' dir='ltr'>dicant.</span> <span class='ocrx_word' id='word_1_306' title='bbox 1070 2272 1113 2276; x_wconf 91' lang='lat'><strong>—</strong></span> <span class='ocrx_word' id='word_1_307' title='bbox 1130 2254 1206 2285; x_wconf 87' lang='lat' dir='ltr'>scis</span> <span class='ocrx_word' id='word_1_308' title='bbox 1245 2254 1346 2285; x_wconf 84' lang='lat' dir='ltr'>enim</span> <span class='ocrx_word' id='word_1_309' title='bbox 1374 2277 1381 2284; x_wconf 94' lang='lat'><strong>.</strong></span> <span class='ocrx_word' id='word_1_310' title='bbox 1408 2277 1416 2284; x_wconf 92' lang='lat'><strong>.</strong></span> <span class='ocrx_word' id='word_1_311' title='bbox 1442 2277 1452 2286; x_wconf 92' lang='lat'><strong>.</strong></span> 
     </span>
     <span class='ocr_line' id='line_1_54' title="bbox 798 2298 1451 2338; baseline 0 -10"><span class='ocrx_word' id='word_1_312' title='bbox 798 2298 954 2328; x_wconf 86' lang='lat' dir='ltr'>Latine:</span> <span class='ocrx_word' id='word_1_313' title='bbox 980 2298 1021 2328; x_wconf 86' lang='lat' dir='ltr'>cf.</span> <span class='ocrx_word' id='word_1_314' title='bbox 1044 2299 1083 2328; x_wconf 84' lang='lat' dir='ltr'>de</span> <span class='ocrx_word' id='word_1_315' title='bbox 1105 2299 1167 2338; x_wconf 83' lang='lat' dir='ltr'>Off</span> <span class='ocrx_word' id='word_1_316' title='bbox 1187 2299 1213 2328; x_wconf 92' lang='lat' dir='ltr'>I.</span> <span class='ocrx_word' id='word_1_317' title='bbox 1236 2308 1290 2328; x_wconf 86' lang='lat'>111</span> <span class='ocrx_word' id='word_1_318' title='bbox 1312 2303 1350 2328; x_wconf 80' lang='lat' dir='ltr'>nt</span> <span class='ocrx_word' id='word_1_319' title='bbox 1362 2300 1451 2329; x_wconf 81' lang='lat' dir='ltr'>enim</span> 
     </span>
     <span class='ocr_line' id='line_1_55' title="bbox 795 2342 1452 2382; baseline 0.002 -11"><span class='ocrx_word' id='word_1_320' title='bbox 795 2352 944 2371; x_wconf 77' lang='lat' dir='ltr'>sermone</span> <span class='ocrx_word' id='word_1_321' title='bbox 968 2353 1001 2372; x_wconf 81' lang='lat' dir='ltr'>eo</span> <span class='ocrx_word' id='word_1_322' title='bbox 1024 2342 1175 2372; x_wconf 76' lang='lat' dir='ltr'>debemus</span> <span class='ocrx_word' id='word_1_323' title='bbox 1199 2344 1251 2373; x_wconf 81' lang='lat' dir='ltr'>uti</span> <span class='ocrx_word' id='word_1_324' title='bbox 1272 2344 1334 2382; x_wconf 80' lang='lat' dir='ltr'>qui</span> <span class='ocrx_word' id='word_1_325' title='bbox 1355 2344 1452 2372; x_wconf 82' lang='lat' dir='ltr'>inna-</span> 
     </span>
     <span class='ocr_line' id='line_1_56' title="bbox 796 2386 1377 2416; baseline 0.003 -2"><span class='ocrx_word' id='word_1_326' title='bbox 796 2390 849 2415; x_wconf 81' lang='lat' dir='ltr'>tus</span> <span class='ocrx_word' id='word_1_327' title='bbox 881 2390 929 2415; x_wconf 76' lang='lat' dir='ltr'>est</span> <span class='ocrx_word' id='word_1_328' title='bbox 959 2386 1050 2415; x_wconf 82' lang='lat' dir='ltr'>nobis</span> <span class='ocrx_word' id='word_1_329' title='bbox 1084 2391 1146 2416; x_wconf 85' lang='lat' dir='ltr'>etc.</span> <span class='ocrx_word' id='word_1_330' title='bbox 1164 2405 1207 2408; x_wconf 97' lang='lat'><strong>—</strong></span> <span class='ocrx_word' id='word_1_331' title='bbox 1225 2387 1342 2416; x_wconf 90' lang='lat' dir='ltr'>emori</span> <span class='ocrx_word' id='word_1_332' title='bbox 1370 2409 1377 2416; x_wconf 93' lang='lat'>.</span> 
     </span>
    </p>

    <p class='ocr_par' dir='ltr' id='par_1_15' title="bbox 797 2429 1452 2462">
     <span class='ocr_line' id='line_1_57' title="bbox 797 2429 1452 2462; baseline 0.003 -3"><span class='ocrx_word' id='word_1_333' title='bbox 797 2429 980 2460; x_wconf 85' lang='lat' dir='ltr'>aestimo:</span> <span class='ocrx_word' id='word_1_334' title='bbox 1022 2439 1042 2459; x_wconf 85' lang='lat' dir='ltr'>a</span> <span class='ocrx_word' id='word_1_335' title='bbox 1074 2430 1222 2461; x_wconf 86' lang='lat' dir='ltr'>trochaic</span> <span class='ocrx_word' id='word_1_336' title='bbox 1258 2435 1452 2462; x_wconf 86' lang='lat' dir='ltr'>tetrameter</span> 
     </span>
    </p>
   </div>
   <div class='ocr_carea' id='block_1_8' title="bbox 1480 512 1517 542">
    <p class='ocr_par' dir='ltr' id='par_1_16' title="bbox 1480 512 1517 542">
     <span class='ocr_line' id='line_1_58' title="bbox 1480 512 1517 542; baseline 0 0"><span class='ocrx_word' id='word_1_337' title='bbox 1480 512 1517 542; x_wconf 79' lang='lat'>15</span> 
     </span>
    </p>
   </div>
  </div>
 </body>
</html>
