1674 2698
542 142 794 176 ὅυΜΝινΜ
833 142 1127 175 3(ῖιιί()ΝΙ3.
1464 151 1512 190 19

194 267 303 306 (jum
338 272 478 317 pateat
515 264 643 317 igitur
675 270 899 304 aeternum
935 265 975 304 id
1010 277 1104 304 esse
1138 266 1251 316 quod
1283 278 1305 304 a
1342 279 1386 304 36
1422 266 1510 316 ipso

133 344 365 385 moveatur,
392 336 486 389 quis
515 342 579 376 est
609 336 680 388 qui
711 335 821 375 hanc
852 342 1049 375 naturam
1077 336 1229 375 animis
1258 349 1354 376 6336
1381 336 1509 375 tribn-

131 416 219 449 tam
268 409 427 462 neget?
507 408 748 447 Inanimum
794 413 859 447 est
905 406 1017 447 enim
1057 421 1184 447 omne
1227 408 1340 459 quod
1385 408 1510 459 pulsu

129 480 318 533 agitatur
340 487 543 528 exterum
578 479 690 532 quod
713 485 857 518 autem
883 485 948 518 est
973 478 1139 525 animal,
1166 479 1206 518 id
1231 486 1350 518 motu
1376 479 1510 519 cietur

130 552 330 592 interiore
364 560 405 593 et
451 565 554 599 sn‹›;
593 564 690 591 nam
735 550 840 590 haec
880 557 944 590 est
986 551 1154 602 propria
1192 558 1344 590 natura
1380 550 1507 590 animi

130 631 260 676 atque
278 623 340 663 vis
359 637 367 672 ;
399 637 508 676 quae
533 622 568 662 si
591 629 656 663 est
677 636 760 662 una
785 635 835 662 ex
860 621 1058 662 omnibus
1077 635 1187 674 quae
1206 635 1302 662 3636
1326 629 1505 669 moveat,

130 709 269 748 neque
304 702 403 735 nata
434 701 550 735 certe
584 701 648 735 est
684 701 725 734 et
759 700 935 733 aeterna
969 700 1048 734 est.
1117 694 1244 733 Hanc
1278 700 1324 734 tu
1358 707 1507 734 exerce

129 767 302 819 optimis
337 767 376 806 in
409 766 560 806 rebus!
596 772 695 806 sunt
731 772 875 806 autem
910 764 1098 817 optimae
1129 778 1255 805 curae
1286 765 1339 805 de
1370 765 1508 805 salute

129 839 304 890 patriae,
324 837 478 890 quibus
501 837 690 890 agitatus
714 844 755 877 et
782 836 1042 877 exercitatus
1065 837 1234 876 animus
1252 836 1440 876 velocius
1466 836 1506 877 in

129 910 238 949 hanc
262 910 407 949 sedem
432 916 473 949 et
504 910 678 949 domum
708 923 827 949 snam
857 909 1120 961 pervolabit;
1158 909 1283 961 idque
1311 922 1361 948 60
1388 908 1506 949 ocius

127 981 270 1029 faciet,
300 981 333 1020 si
359 981 439 1020 iam
468 987 571 1028 tum,
599 994 696 1020 cum
728 980 808 1020 erit
837 980 1027 1020 inclusus
1056 981 1098 1019 in
1130 994 1319 1032 corpore,
1349 981 1508 1021 emine-

128 1051 188 1092 bit
212 1052 326 1093 foras
350 1059 392 1093 et
417 1066 466 1092 ea
488 1066 596 1104 quae
619 1059 738 1092 extra
761 1058 886 1092 erunt
913 1052 1211 1104 contemplans
1235 1066 1360 1105 quam
1380 1053 1507 1092 maxi-

126 1137 196 1164 me
227 1137 273 1164 36
302 1138 325 1163 a
356 1137 532 1176 corpore
561 1124 795 1164 abstrahet.
866 1124 1064 1176 Namque
1097 1137 1243 1163 eorum
1275 1123 1403 1164 animi
1434 1125 1505 1177 qui

127 1208 174 1235 36
207 1196 396 1247 corporis
427 1194 721 1247 voluptatibus
755 1194 1012 1235 dediderunt
1044 1209 1276 1248 earumque
1310 1209 1355 1235 36
1385 1196 1504 1248 quasi

125 1266 345 1307 ministros
384 1267 675 1319 praebuerunt
711 1266 983 1319 impulsuque
1019 1266 1242 1306 libidinum
1280 1267 1506 1319 voluptati-

126 1338 206 1378 bus
237 1338 555 1379 oboedientium
584 1339 760 1378 deorum
789 1344 831 1378 et
854 1337 1078 1378 hominum
1107 1337 1197 1378 iura
1223 1337 1502 1386 violaverunt,

168 1465 203 1499 9.
237 1463 291 1494 20.
320 1465 418 1494 hanc
432 1469 627 1495 naturam:
653 1465 707 1494 i.e.
723 1464 780 1494 the

125 1508 256 1549 quality
270 1518 308 1538 or
321 1518 434 1548 power
448 1508 485 1538 of
501 1508 725 1548 sels-activity.
737 1526 780 1530 —

126 1553 357 1583 inanimum:
392 1552 447 1582 for
478 1551 627 1582 Cicero's
656 1562 717 1582 use
743 1551 780 1581 of

126 1596 192 1626 this
215 1597 305 1626 word
332 1606 388 1626 see
414 1595 553 1635 Madvig
575 1606 620 1625 on
641 1596 680 1626 de
700 1597 777 1626 [ἄη.

128 1640 293 1680 1V.36.—
304 1645 438 1671 natura
448 1640 564 1670 animi
578 1663 585 1669 .
602 1663 609 1669 .
626 1663 633 1669 .
646 1640 720 1670 vis:
735 1639 777 1670 cf.

133 1685 225 1714 Tusc.
243 1685 268 1714 I.
283 1684 325 1714 66
339 1689 463 1714 mztumz
482 1688 577 1723 atque
590 1685 643 1713 vis
659 1685 777 1713 animi.

125 1737 274 1768 —quae
308 1737 394 1758 sese
427 1733 599 1758 moveat:
633 1738 717 1767 quae
747 1738 780 1757 se

125 1773 196 1811 ipsa
220 1776 347 1802 moveat
369 1772 489 1807 Baiter,
515 1772 608 1802 Tusc.
630 1772 655 1801 I.
676 1780 779 1812 54⁴—

127 1821 185 1846 est
210 1838 219 1846 .
245 1838 254 1846 .
280 1838 289 1846 .
315 1820 392 1846 est:
420 1821 499 1846 note
526 1816 583 1847 the
608 1815 779 1855 emphatic

125 1859 315 1899 repetition.

169 1903 224 1933 21.
258 1913 371 1935 curae
391 1927 398 1933 .
419 1927 426 1933 .
446 1927 454 1934 .
472 1904 637 1944 patriae:
664 1903 705 1934 cf.
719 1905 780 1944 qui

118 1948 282 1987 patriam,
294 1953 369 1983 etc„
383 1955 399 1988 5
413 1960 419 1982 2
431 1957 488 1978 see
499 1950 535 1978 in
542 1949 658 1987 patria
671 1949 779 1977 maxi-

126 2002 190 2026 ma,
215 1991 234 2021 8
260 2001 290 2021 n.
304 1991 507 2022 —animus
525 1992 694 2022 velocius
715 2015 722 2021 .
742 2014 749 2021 .
771 2014 778 2021 .

126 2035 357 2075 pervolabit:
393 2034 435 2065 cf.
467 2036 624 2065 Hortens.
660 2036 705 2065 II.
739 2045 778 2073 24

128 2079 322 2118 (preserved
339 2079 373 2109 in
391 2078 439 2109 St.
458 2079 665 2119 Augustine)
687 2080 724 2115 si,
743 2084 782 2109 ut

124 2124 276 2163 antiquis
301 2123 512 2163 philosophis
540 2125 645 2164 iisque
671 2125 779 2153 maxi-

125 2168 190 2196 mis
220 2168 379 2207 longeque
409 2168 607 2198 clarissimis
634 2168 778 2207 placuit,

123 2215 273 2241 aeternos
303 2212 434 2241 animos
457 2222 495 2242 ac
525 2213 659 2241 divinos
689 2212 779 2242 Imbe-

125 2265 209 2290 mus,
249 2256 296 2285 sic
333 2256 593 2285 existimandum
634 2260 689 2292 cst,
717 2266 780 2295 qno

126 2300 235 2338 magis
266 2299 305 2328 l1i
328 2299 471 2339 fuerint
499 2304 627 2338 semper
657 2300 693 2328 in
722 2309 780 2328 suo

125 2353 236 2377 cursu,
254 2343 291 2372 id
311 2347 365 2378 est,
388 2344 424 2372 in
450 2344 576 2372 millene
600 2347 631 2372 et
651 2343 780 2372 investi-

120 2387 230 2425 gandi
258 2387 446 2426 cupiditate,
470 2391 501 2416 et
522 2397 586 2427 quo
610 2387 725 2416 minus
748 2397 780 2416 se

125 2430 368 2461 admiscuerint
411 2435 508 2471 atquc
549 2430 782 2469 implicuerint

846 1465 1023 1494 hominum
1043 1465 1135 1494 vitiis
1150 1469 1182 1494 et
1195 1465 1374 1500 erroribus,
1392 1465 1450 1495 hoc
1463 1467 1505 1495 iis

845 1509 1038 1548 similiorem
1060 1519 1230 1538 ascensum
1251 1514 1281 1538 et
1301 1509 1445 1539 reditum
1467 1511 1503 1539 in

845 1552 1258 1592 cizel1tmf0re.—Sedern
1275 1576 1282 1582 .
1300 1576 1307 1582 .
1324 1576 1331 1583 .
1348 1553 1502 1584 domum

847 1605 979 1626 suam:
1020 1605 1078 1626 see
1123 1604 1158 1633 17
1197 1607 1228 1626 n.
1246 1597 1417 1636 —idque
1458 1606 1504 1627 eo

846 1640 972 1670 ocius:
999 1639 1057 1670 the
1082 1640 1222 1680 reading
1246 1640 1283 1670 of
1315 1641 1502 1678 Meissner3

847 1684 969 1713 Miiller
1001 1683 1063 1714 has
1096 1685 1194 1724 idque
1224 1686 1313 1714 ocius
1325 1695 1336 1719 ,¹
1369 1684 1439 1719 but,
1465 1694 1503 1714 as

849 1728 1015 1758 Meissner
1058 1733 1226 1767 suggests,
1272 1739 1306 1758 co
1349 1728 1501 1759 between

845 1773 943 1812 idque
969 1771 1036 1802 and
1063 1773 1155 1802 ocius
1182 1771 1285 1802 could
1312 1772 1417 1813 easily
1442 1772 1502 1802 fall

845 1822 917 1846 out.
958 1816 1033 1846 One
1049 1816 1122 1846 MS.
1138 1816 1200 1847 has
1214 1817 1346 1856 ideoque
1358 1816 1391 1846 in
1406 1817 1501 1856 place

845 1860 882 1890 of
898 1861 1005 1900 idque,
1024 1859 1091 1890 and
1112 1860 1179 1890 this
1198 1860 1316 1890 makes
1335 1860 1392 1890 the
1412 1860 1502 1890 read-

845 1904 902 1944 ing
931 1904 1043 1944 idque
1073 1913 1116 1934 eo
1143 1904 1250 1935 ocius
1282 1914 1374 1934 seem
1407 1914 1501 1934 more

845 1947 1008 1988 probable
1022 1948 1103 1978 than
1118 1949 1217 1988 idque
1229 1949 1328 1978 ocius.
1341 1966 1381 1969 -—
1395 1948 1427 1978 si
1445 1971 1451 1977 .
1469 1971 1476 1977 .
1493 1971 1500 1977 .

847 1992 1027 2023 eminebit
1042 1993 1155 2029 foras,
1171 1993 1219 2032 ²f·
1236 2015 1242 2021 .
1257 2016 1263 2022 .
1277 1993 1332 2022 the
1343 1992 1418 2021 soul
1429 1992 1504 2022 will

844 2036 916 2066 look
942 2037 1091 2071 abroad;
1124 2036 1165 2066 cf.
1183 2037 1221 2066 de
1251 2037 1331 2075 Jeep.
1359 2036 1427 2065 III.
1463 2044 1497 2065 11

844 2081 973 2110 iustitia
998 2080 1099 2120 foras
1136 2084 1259 2119 spectat
1294 2084 1325 2110 et
1355 2080 1502 2119 proiecta

843 2128 907 2154 tota
945 2128 993 2154 est
1029 2129 1126 2164 atque
1162 2125 1396 2154 eminet—se
1422 2146 1429 2153 .
1457 2146 1465 2153 .
1492 2146 1500 2153 .

844 2168 1059 2198 abstrahet:
1075 2168 1296 2208 explanatory
1310 2167 1346 2197 of
1359 2167 1500 2197 emine-

844 2212 898 2243 bit
913 2212 1034 2249 fora83
1058 2212 1100 2241 cf.
1115 2211 1135 2242 6
1151 2222 1167 2241 e
1179 2217 1353 2251 corporum
1368 2212 1500 2247 vinclis,

845 2262 928 2293 etc.;
959 2256 1032 2285 also
1071 2256 1163 2285 Tusc.
1190 2255 1217 2285 I.
1250 2264 1291 2294 74
1318 2260 1382 2285 tota
1410 2256 1499 2285 enim

837 2300 1114 2338 pln'losoplzormn
1145 2301 1214 2328 vita
1241 2323 1247 2329 .
1275 2322 1281 2327 .
1309 2322 1315 2328 .
1341 2309 1500 2329 commen-

844 2344 924 2372 tatio
947 2344 1064 2372 mortis
1087 2347 1142 2372 est.
1155 2352 1249 2373 —se
1270 2365 1277 2372 .
1297 2365 1304 2372 .
1325 2366 1332 2372 .
1351 2343 1500 2373 dedide-

846 2392 943 2422 runt,
975 2386 1059 2416 lmve
1092 2388 1193 2425 given
1225 2387 1417 2416 themselves
1455 2390 1499 2424 up

845 2430 970 2469 wholly
1008 2434 1039 2459 to
1048 2440 1063 2463 ;
1103 2429 1146 2459 cf.
1190 2439 1225 2468 17
1265 2430 1439 2460 dedideris.
1457 2448 1499 2452 —

1546 261 1568 292 9

1536 306 1577 332 231)

1534 700 1569 729 21
