1669 2698
91 528 132 559 83

86 1382 127 1412 84

158 107 211 146 62
566 112 615 144 M.
645 112 797 144 TVLLI
831 112 1121 145 CicEROle

156 233 285 273 animi
308 234 523 274 discessus
541 248 563 274 a
583 248 760 286 corpore
779 248 863 273 non
884 234 930 274 fit
951 234 1043 274 sine
1061 234 1205 274 dolore
1222 235 1235 274 ?
1278 235 1338 274 Vt
1358 236 1525 275 credam

158 304 215 344 ita
230 318 335 351 esse,
354 319 479 357 quam
497 312 562 345 est
579 305 619 345 id
635 305 854 357 exiguum!
894 305 979 345 Sed
995 305 1148 344 falsum
1165 320 1260 346 esse
1273 306 1468 354 arbitror,
1485 313 1526 346 et

158 377 203 416 fit
223 377 475 428 plerumque
493 376 584 416 sine
603 390 744 423 sensu,
766 390 849 415 non
870 390 1102 428 numquam
1124 377 1251 416 etiam
1270 390 1366 416 cum
1385 377 1528 429 volup-

156 456 256 495 tate,
286 454 512 500 totumque
542 448 623 487 hoc
654 448 746 487 leve
777 455 856 496 cst,
884 448 1194 500 qualecumque
1216 455 1309 497 est;
1342 449 1388 488 fit
1413 449 1525 488 enim

155 521 207 559 ad
235 526 441 571 punctum
470 518 685 571 temporis.
755 519 865 559 Illud
891 520 1009 572 angit
1036 519 1102 559 vel
1129 519 1269 571 potius
1298 519 1525 568 excruciat,

156 592 372 631 discessus
396 592 447 631 ab
472 591 669 631 omnibus
701 591 748 631 iis
780 605 888 644 quae
916 598 1015 631 sunt
1044 592 1154 631 bona
1181 591 1222 631 in
1249 592 1348 631 vita.
1413 591 1526 632 Vide

156 676 210 702 ne
238 671 246 686 ‘
263 677 286 702 a
310 663 455 702 malis’
486 664 566 703 dici
590 662 726 702 verius
754 654 901 715 possit.
970 662 1085 715 Quid
1113 676 1192 715 ego
1216 677 1330 703 nunc
1354 663 1522 716 lugeam

155 734 284 774 vitam
310 734 527 774 hominum
547 735 560 773 ?
605 735 720 774 Vere
739 741 781 774 et
801 734 890 774 iure
909 748 1084 786 possum
1104 748 1112 783 ;
1136 735 1210 774 sed
1228 735 1327 786 quid
1347 748 1523 774 necesse

156 812 232 852 est,
259 819 354 844 cum
380 806 420 845 id
443 819 581 857 agam,
605 819 659 845 ne
689 812 786 857 post
811 813 993 845 mortem
1017 805 1195 846 miseros
1219 820 1297 845 nos
1321 813 1522 857 putemus

156 876 259 924 fore,
280 877 407 915 etiam
431 877 560 915 vitam
586 876 757 916 efficere
780 877 1040 928 deplorando
1059 877 1320 917 miseriorem
1339 877 1352 916 ?
1408 876 1525 916 Feci-

155 961 250 986 mus
288 948 369 987 hoc
409 947 449 987 in
486 960 535 987 eo
578 947 684 987 libro
728 948 768 986 in
815 961 899 1000 quo
939 955 1106 987 nosmet
1148 947 1273 999 ipsos,
1314 954 1521 1000 quantum

876 1018 918 1058 A
941 1019 1062 1058 malis
1094 1018 1222 1071 igitur
1252 1033 1366 1058 mors
1396 1019 1525 1059 abdu-

1154 1092 1209 1130 Et
1241 1090 1410 1142 quidem
1442 1090 1523 1130 hoc

154 1019 384 1071 potuimus,
411 1018 619 1058 consolati
650 1032 807 1058 sumus.

154 1091 221 1138 cit,
255 1104 340 1129 non
371 1105 395 1130 a
425 1091 557 1137 bonis,
585 1104 733 1130 verum
765 1090 800 1129 si
830 1090 1087 1142 quaerimus.

152 1176 176 1201 a
201 1161 437 1216 Cyrenaico
466 1162 654 1213 Hegesia
682 1161 742 1201 sic
771 1162 940 1213 copiose
968 1161 1210 1213 disputatur
1238 1168 1282 1201 ut
1311 1161 1344 1201 is
1371 1175 1395 1200 a
1422 1175 1523 1214 rege

155 1233 398 1273 Ptolemaeo
428 1233 665 1285 prohibitus
698 1246 792 1272 esse
823 1233 989 1272 dicatur
1020 1232 1087 1272 illa
1118 1234 1159 1272 in
1188 1233 1344 1273 scholis
1367 1233 1521 1281 dicere,

153 1305 266 1355 quod
296 1303 419 1343 multi
454 1303 503 1343 iis
537 1304 693 1343 auditis
732 1311 914 1344 mortem
956 1304 1036 1343 sibi
1074 1303 1151 1356 ipsi
1190 1303 1518 1344 consciscerent.

154 1375 399 1415 Callimachi
433 1375 603 1427 quidem
639 1376 899 1427 epigramma
930 1376 969 1414 in
1001 1375 1324 1415 Ambraciotam
1358 1375 1521 1415 Cleom-

152 1446 321 1486 brotum
354 1454 431 1494 est,
455 1460 582 1499 quem
613 1447 682 1493 ait,
711 1460 806 1486 cum
839 1447 875 1487 ei
906 1446 1008 1486 nihil
1038 1446 1262 1487 accidisset
1293 1445 1472 1494 adversi,
1499 1460 1521 1486 e

150 1534 253 1573 ipse:
294 1544 350 1564 see
383 1534 463 1564 (111.
498 1535 689 1574 App—ut
726 1542 802 1563 cre-
871 1535 1109 1564 Πεισιθάνατος.
1147 1534 1266 1564 Under
1282 1534 1451 1573 Hegesias
1465 1534 1522 1564 the

150 1578 257 1608 darn:
276 1578 329 1607 for
346 1578 401 1607 the
420 1578 615 1608 concessive
633 1588 692 1608 use
707 1578 743 1608 01
756 1583 800 1613 ut,

150 1632 205 1651 see
232 1631 273 1661 49
298 1623 450 1652 mssidz
492 1622 653 1661 referring
680 1627 715 1652 to
745 1622 801 1652 the

150 1666 261 1696 clause
274 1666 389 1696 animi
406 1690 411 1695 .
427 1690 433 1695 .
448 1689 455 1695 .
468 1666 801 1696 dolore.—totum-

149 1719 242 1749 que:
268 1720 324 1739 see
340 1711 523 1749 cademque,
543 1710 582 1747 64
600 1719 631 1738 n.

192 1752 246 1783 83.
279 1753 363 1783 vide
390 1763 457 1783 ne:
487 1764 506 1783 a
530 1753 632 1793 polite
655 1753 802 1782 formula

149 1797 202 1827 for
245 1798 355 1826 dubito
400 1809 455 1832 an,
498 1808 611 1827 vereor
655 1808 704 1826 ηε.
720 1815 763 1819 —
780 1807 800 1826 a

150 1841 279 1871 malis:
313 1851 356 1870 sc.
389 1842 800 1880 ‹sinemur—pomum:

149 1894 193 1914 sc.
227 1885 360 1924 lugere:
411 1885 464 1914 101
501 1885 558 1914 1116
597 1884 711 1921 mood,
745 1894 801 1915 see

151 1929 242 1958 Lane
268 1929 461 1969 1495.—-in
488 1938 531 1958 eo
556 1928 667 1959 libro:
692 1928 725 1958 in
744 1929 801 1958 the

148 1973 186 2002 de
218 1973 468 2005 Consolatione:
501 1972 542 2002 cf.
571 1971 801 2012 65.—Cyre-

149 2016 257 2046 naico
300 2017 492 2056 Hegesia:
541 2016 598 2046 the
638 2016 801 2057 Cyrenaic

149 2060 266 2090 school
284 2060 320 2089 of
342 2060 547 2100 philosophy
566 2070 632 2090 was
648 2059 799 2090 founded

149 2103 191 2144 by
209 2103 414 2143 Aristippus,
433 2114 452 2133 a
476 2104 587 2133 native
609 2103 645 2133 of
670 2104 800 2144 Cyrene

148 2147 180 2177 in
202 2148 327 2183 Africa,
346 2147 413 2177 and
431 2158 450 2177 a
468 2148 559 2187 pupil
577 2147 614 2177 01
634 2147 798 2177 Socrates.

151 2192 318 2230 Hegesias
343 2191 379 2221 01
402 2191 607 2221 Alexandria
627 2191 715 2231 (circ.
738 2200 801 2231 340

150 2235 229 2274 Bc.)
249 2235 326 2265 held
346 2235 419 2265 that
436 2236 493 2265 life
511 2235 689 2265 contained
708 2244 800 2264 more

149 2279 226 2317 pain
255 2279 335 2308 than
362 2279 524 2318 pleasure.
574 2279 639 2309 His
663 2278 800 2319 gloomy

150 2321 301 2352 doctrine
326 2322 379 2351 led
406 2333 506 2363 many
529 2322 565 2351 of
589 2322 641 2352 his
666 2322 801 2352 hearers

151 2372 184 2393 10
224 2366 360 2395 commit
400 2366 535 2400 suicide.
568 2366 654 2395 from
693 2366 799 2395 which

149 2409 216 2438 fact
262 2409 302 2439 he
350 2409 502 2440 received
545 2409 601 2439 the
642 2419 800 2439 surname

871 1578 1034 1618 Cyrenaic
1060 1578 1212 1608 doctrine
1240 1578 1378 1608 became
1405 1578 1523 1617 praetr

870 1622 954 1662 cally
968 1622 1104 1661 merged
1123 1622 1156 1651 in
1174 1622 1247 1651 that
1263 1621 1298 1651 01
1315 1622 1371 1651 1116
1387 1622 1520 1662 Cynics.

870 1684 911 1686 —
931 1665 1172 1696 Ptolemaeo:
1222 1666 1373 1707 Ptolemy
1415 1665 1522 1695 Phila-

870 1709 1024 1748 delphus.
1043 1728 1084 1731 ——
1101 1709 1138 1739 in
1183 1709 1335 1746 scholis,
1384 1710 1420 1738 in
1469 1710 1521 1738 lais

868 1754 1015 1783 lecturas.

913 1796 967 1826 84.
1001 1797 1246 1827 Callimachi:
1289 1797 1520 1827 Callimachus

869 1840 906 1870 of
931 1842 1070 1881 Cyrene,
1098 1841 1173 1870 who
1202 1840 1386 1871 floun'shed
1417 1840 1520 1870 about

872 1883 932 1914 :60
959 1892 1032 1919 nc,
1056 1894 1123 1915 was
1148 1894 1168 1914 a
1190 1884 1326 1915 famous
1351 1890 1432 1924 poet
1456 1884 1521 1915 and

869 1928 961 1958 critic
975 1928 1011 1957 of
1024 1928 1080 1957 the
1096 1928 1325 1958 Alexandrian
1338 1928 1466 1958 school.
1478 1947 1521 1950 —

871 1972 1125 2012 epigramma:
1144 1972 1185 2002 61.
1200 1972 1330 2002 Callim.
1346 1973 1467 2011 Engr.
1481 1981 1520 2010 24

870 2039 970 2068 Εἵπας
1003 2032 1101 2068 ”Ηλιε
1148 2039 1251 2076 χαῖρε,
1301 2037 1520 2076 Κλεόμβροτος

999 2080 1236 2119 Ὠμβρακιώτης

978 2122 1091 2133 1⁵2ae

862 2167 972 2205 ”Αξιον
1002 2170 1092 2199 οὐδὲν
1124 2170 1198 2199 ἰδὼν
1236 2170 1373 2199 θανάτου
1412 2168 1516 2206 κακόν,

1000 2214 1087 2242 ἀλλὰ
1104 2213 1277 2243 Πλάτωνος

861 2254 923 2285 ““Εν
961 2256 997 2285 τὸ
1035 2257 1106 2295 περὶ
1144 2258 1252 2295 ψυχῆς
1290 2251 1408 2295 ’γράμμ’
1446 2257 1519 2286 ἀνα-

1000 2301 1172 2336 λεξάμενος.

868 2385 909 2387 -
924 2366 1226 2396 Cleombrotum:
1260 2376 1302 2395 an
1336 2365 1519 2395 Academic

868 2410 1088 2450 philosopher
1099 2409 1136 2439 of
1148 2409 1330 2439 Ambracia
1341 2409 1374 2439 in
1387 2409 1516 2449 Epirus.
