1674 2698
291 134 726 167 TVSCVLANARVM
768 135 1217 167 l›151'V'1‘A'1‘1‹›Nx'M
1257 136 1263 166 l
1410 132 1466 180 (n)

89 272 174 299 non
218 257 377 310 gloriae
422 257 665 310 cupiditate,
711 272 837 310 quam
890 271 1094 297 sensurus
1146 272 1230 297 non
1281 258 1344 304 sit,
1392 258 1466 297 scd

89 329 272 378 virtutis,
298 344 424 382 quam
456 329 699 369 necessario
726 330 871 382 gloria,
897 329 1064 370 etiamsi
1094 337 1139 369 tu
1169 331 1208 369 id
1238 343 1321 368 non
1349 343 1464 379 agas,

89 408 386 454 consequatur.

151 474 317 514 Natura
353 487 454 513 vero
491 474 524 513 si
562 486 607 513 se
643 472 704 513 sic
742 473 886 522 habet,
921 480 980 521 ut,
1017 487 1102 526 quo
1138 473 1265 513 modo
1302 472 1466 512 initium

88 546 211 585 nobis
246 558 387 586 rerum
423 545 613 584 omnium
651 551 770 585 ortus
806 552 954 585 noster
992 545 1171 593 adferat,
1209 546 1267 584 sic
1307 544 1466 584 exitum

88 631 215 665 mors,
241 624 287 657 ut
312 617 414 656 nihil
439 616 645 669 pertinuit
670 617 722 657 ad
747 631 826 656 nos
849 624 949 657 ante
978 624 1131 665 ortum,
1158 617 1217 656 sic
1243 616 1345 656 nihil
1371 624 1465 669 post

88 695 271 729 mortem
302 688 547 742 pertinebit.
616 689 665 728 In
697 702 781 741 quo
808 688 909 741 quid
937 696 1079 741 potest
1109 703 1204 729 esse
1232 689 1341 736 mali,
1372 702 1466 728 cum

88 774 204 800 mors
236 773 316 800 nec
349 761 403 800 ad
436 759 556 800 vivos
590 759 802 812 pertineat
836 774 916 800 nec
949 761 1000 799 ad
1036 761 1262 800 mortuos?
1326 759 1467 799 Alteri

88 831 193 871 nulli
231 838 345 880 sunt,
382 832 542 872 alteros
581 846 667 871 non
706 831 905 884 attinget.

88 903 266 951 faciunt,
292 903 430 943 somni
454 903 711 943 simillimam
736 904 886 944 volunt
911 917 1016 944 csse.
1076 904 1210 956 Quasi
1235 918 1335 943 vero
1358 904 1467 956 quis-

88 989 214 1028 quam
244 975 301 1014 ita
324 976 559 1028 nonaginta
581 989 718 1015 annos
742 975 843 1015 velit
863 975 1019 1024 vivere,
1045 983 1104 1023 ut,
1127 990 1222 1015 cum
1248 975 1467 1027 sexaginta

88 1046 334 1094 confecerit,
358 1046 543 1099 reliquos
560 1046 743 1086 dormiat
763 1048 769 1087 !
802 1061 857 1088 ne
880 1047 944 1087 sui
962 1048 1134 1100 quidem
1153 1047 1194 1087 id
1212 1047 1356 1094 velint,
1382 1060 1467 1086 non

89 1119 216 1158 modo
245 1117 347 1170 ipse.
418 1118 663 1172 Endymion
688 1132 800 1166 vcro,
827 1118 862 1158 si
892 1119 1058 1158 fabulas
1087 1119 1234 1159 audire
1256 1119 1467 1165 volumus,

90 1196 136 1229 ut
177 1189 323 1230 nescio
356 1191 528 1243 quando
568 1190 609 1230 in
646 1190 802 1230 Latmo
835 1191 1106 1238 obdormivit,
1141 1190 1211 1243 qui
1245 1198 1311 1230 est
1344 1203 1468 1229 mons

91 1260 253 1309 Cariae,
289 1262 492 1309 nondum,
529 1261 689 1314 opinor,
727 1269 792 1302 est
827 1269 1114 1314 experrectus.
1188 1263 1304 1301 Num
1341 1261 1469 1313 igitur

90 1346 187 1373 eum
212 1346 362 1374 curare
384 1346 548 1380 censes,
577 1347 673 1373 cum
696 1334 819 1373 Luna
844 1334 1005 1374 laboret
1026 1334 1040 1373 ?
1072 1348 1096 1373 a
1113 1348 1196 1386 qua
1220 1333 1468 1385 consopitus

89 1410 266 1456 putatur
306 1411 353 1445 ut
391 1419 488 1445 eum
528 1405 813 1445 dormientem
849 1405 1126 1445 oscularetur.
1200 1405 1314 1457 Quid
1350 1411 1468 1444 curet

89 1483 236 1516 autem
259 1475 331 1529 qui
354 1490 409 1516 ne
432 1476 563 1516 sentit
588 1477 792 1529 quidem?
844 1477 994 1516 Habes
1018 1491 1215 1516 somnum
1242 1476 1467 1527 imaginem

91 1547 243 1588 mortis
271 1561 452 1601 eamque
482 1547 638 1588 cotidie
669 1547 819 1595 induis,
846 1554 888 1588 et
913 1547 1085 1588 dubitas
1115 1548 1215 1600 quin
1247 1561 1399 1588 sensus
1429 1547 1469 1586 in

92 1674 325 1705 iudicantem
361 1684 506 1714 governs
547 1673 746 1704 mortalem
816 1675 915 1714 qnasi
939 1698 945 1704 .
972 1697 978 1703 .
1006 1697 1011 1703 .
1037 1675 1241 1712 intellegant,
1263 1682 1303 1714 50
1325 1674 1471 1704 n,—ita

165 1741 173 1748 .
199 1718 381 1755 animum,
401 1718 468 1748 and
487 1718 514 1748 is
533 1718 616 1748 used
634 1728 671 1749 as
691 1718 749 1748 the
891 1741 898 1748 .
924 1723 975 1754 ut,
994 1729 1035 1747 οη
1055 1719 1223 1747 condilion
1247 1741 1253 1747 .
1278 1741 1284 1746 .
1309 1741 1314 1746 .
1338 1718 1472 1748 that.—

92 1761 227 1802 subject
244 1762 403 1802 (onewlm
416 1762 542 1802 thinks)
559 1762 595 1792 of
612 1762 748 1793 moliri.
818 1771 864 1792 ne
885 1785 892 1791 .
913 1785 920 1791 .
941 1785 947 1791 .
965 1762 1118 1802 quidem
1145 1785 1152 1791 .
1178 1785 1185 1791 .
1211 1785 1218 1791 .
1242 1771 1316 1792 non
1338 1762 1471 1792 modo:

92 1825 136 1828 —
152 1811 319 1843 aeterna,
357 1807 532 1836 immortal
571 1807 689 1836 works.
706 1825 750 1828 —
816 1806 871 1836 for
894 1805 951 1835 the
978 1816 1070 1835 more
1095 1815 1254 1835 common
1285 1816 1350 1835 non
1379 1806 1474 1835 »mdo

95 1850 246 1881 etiamsi
265 1873 272 1880 .
293 1873 300 1880 .
321 1873 328 1880 .
346 1859 453 1890 agas,
467 1861 545 1880 even
560 1851 661 1890 {fone
677 1850 750 1880 does
820 1850 915 1890 (non)
946 1873 952 1879 .
984 1873 989 1878 .
1019 1872 1026 1879 .
1055 1851 1114 1879 scd
1136 1861 1176 1879 nc
1205 1873 1210 1878 .
1241 1874 1247 1879 .
1277 1874 1283 1879 .
1312 1850 1445 1889 quidem
1462 1859 1473 1883 ,·

95 1899 151 1924 not
164 1895 235 1924 seck
251 1895 381 1924 tln's.—
393 1894 447 1924 sic
462 1895 604 1925 exitum
623 1904 747 1925 mors:
817 1904 874 1924 see
899 1893 937 1932 S7
965 1904 996 1923 n.
1013 1912 1056 1916 —
1075 1894 1312 1932 Endymion:
1342 1893 1474 1923 accord<

974 832 1115 884 Quam
1156 832 1227 884 qui
1266 831 1500 872 leviorem.

94 1948 139 1969 sc.
167 1939 258 1968 nobis
284 1949 398 1968 rerum
426 1939 575 1968 omnium
604 1939 748 1979 adferat.

94 1982 191 2013 —in-
203 1991 298 2023 quo:
325 1982 489 2022 referring
507 1988 542 2012 to
561 1982 617 2012 the
635 1983 749 2012 clause

95 2026 151 2057 sic
165 2049 172 2056 .
187 2050 194 2056 .
208 2049 216 2057 .
230 2026 616 2067 pertinebit.—alteri
634 2026 725 2057 nulli
741 2036 748 2056 z

95 2070 259 2110 referring
282 2076 316 2100 to
343 2076 523 2101 mortuos.
535 2089 578 2092 —
589 2070 728 2101 alteros
742 2079 749 2100 :

95 2116 145 2145 Le.
162 2116 263 2145 vivos.

140 2157 194 2189 92.
228 2159 383 2196 faciunt,
408 2163 548 2198 attempt
573 2163 603 2189 ta
630 2159 750 2195 make;

96 2203 252 2233 conative
268 2203 301 2233 in
319 2203 422 2233 force.
435 2222 477 2225 —
488 2203 613 2233 sornni
636 2202 752 2233 simil-

96 2246 248 2277 limam:
281 2247 323 2277 cf.
348 2248 386 2277 de
409 2248 484 2277 Seu.
509 2247 551 2277 80
576 2248 643 2276 iam
677 2257 754 2277 vcro

96 2291 215 2321 videtis
236 2292 329 2322 nillil
347 2301 412 2321 esse
434 2292 536 2320 morti
553 2295 620 2320 tam
643 2291 754 2321 simile

96 2345 196 2374 quam
214 2346 378 2365 somnum.
423 2335 453 2364 A
471 2344 630 2365 common
648 2334 752 2374 figure

98 2378 177 2408 with
187 2384 287 2419 poets
301 2379 402 2421 (from
417 2379 549 2410 Homer
560 2383 596 2408 to
612 2378 751 2419 Bryant)

97 2421 153 2452 for
190 2422 305 2453 death.
324 2441 366 2445 —-
383 2423 493 2463 quasi
536 2431 647 2453 vero:
697 2431 753 2452 see

817 1939 876 1978 ing
893 1944 928 1968 to
951 1948 1016 1967 one
1033 1937 1120 1967 form
1148 1937 1184 1967 of
1207 1937 1264 1968 the
1287 1937 1392 1978 myth,
1412 1938 1474 1967 En-

818 1982 956 2023 dymion
968 1992 1036 2012 was
1049 1992 1067 2012 a
1078 1981 1244 2012 beautiful
1255 1981 1425 2021 shepherd
1437 1991 1475 2011 or

819 2026 943 2056 hunter
967 2036 1010 2056 on
1042 2026 1103 2055 Mt.
1131 2026 1271 2055 Latmos
1299 2026 1330 2055 in
1364 2025 1475 2061 Caria,

819 2069 886 2101 and
904 2069 1056 2100 received
1074 2070 1202 2100 eternal
1217 2069 1273 2099 life
1285 2069 1373 2099 from
1389 2069 1475 2099 Zeus

819 2115 853 2145 in
874 2114 930 2144 the
952 2114 1041 2144 form
1064 2113 1101 2144 of
1122 2114 1257 2144 endless
1283 2113 1385 2153 sleep.
1434 2113 1475 2143 In

820 2159 886 2189 this
904 2158 1056 2198 sleeping
1078 2162 1166 2188 state
1184 2157 1226 2188 he
1244 2167 1312 2187 was
1330 2156 1476 2187 beloved

819 2202 863 2244 by
882 2202 989 2232 Luna.
1003 2221 1046 2224 —
1057 2207 1110 2239 ut,
1118 2203 1214 2242 from
1230 2202 1283 2231 the
1299 2202 1378 2231 time
1393 2201 1476 2231 that.

820 2255 960 2277 —cum
988 2246 1097 2277 Luna
1122 2246 1278 2282 laboret,
1302 2245 1399 2275 when
1424 2245 1478 2274 tlze

821 2301 915 2320 moon
958 2291 987 2319 is
1025 2290 1227 2329 eclzpsed.—
1245 2299 1266 2319 a
1298 2298 1371 2329 qua
1399 2312 1406 2319 .

821 2334 1077 2365 oscularetur:
1109 2333 1165 2363 the
1194 2343 1288 2363 more
1316 2342 1477 2363 common

821 2378 910 2408 form
939 2377 976 2407 of
1004 2377 1061 2407 the
1091 2377 1286 2417 Endymion
1318 2377 1478 2418 myth.—

823 2427 880 2452 et:
906 2421 1099 2461 equivalent
1118 2426 1153 2450 to
1171 2425 1201 2450 et
1215 2425 1336 2451 tamen.

1493 842 1533 869 0⁵)
