1674 2698
276 141 714 175 TVSCVLANARVM
750 141 1200 174 DlSl’Y'l‘A'l'IONX'M
1239 144 1247 174 l
1403 150 1451 191 ⁶3

76 279 244 306 mecum
278 264 366 317 ipse
397 266 449 304 de
481 264 802 304 immortalitate
831 265 1070 304 animorum
1102 266 1222 317 coepi
1254 266 1452 319 fflgitarc,

75 337 274 377 adsensio
298 337 436 376 omnis
462 336 530 376 illa
553 336 746 377 clabitur.

135 410 200 449 M.
237 408 351 461 Quid
376 408 486 448 hoc?
519 409 654 448 dasne
671 414 744 448 aut
770 421 943 448 manere
959 408 1126 448 animos
1149 416 1245 461 post
1270 416 1453 450 mortem
1480 422 1521 451 22]

74 487 147 521 aut
171 487 310 520 morte
333 480 423 532 ipsa
448 479 650 520 interire?

134 553 186 592 A.
226 552 294 591 Do
317 564 429 592 vero.

134 624 199 664 M.
237 623 363 676 Quid,
390 622 425 663 si
448 629 648 664 maneant
668 623 682 663 ?

134 696 189 736 A.
226 695 382 735 Beatos
406 708 501 735 esse
525 695 726 736 concedo.

133 767 196 807 M.
235 766 311 806 Sin
336 766 581 806 intereant?

134 839 187 879 A.
226 838 325 877 Non
359 851 455 878 esse
482 839 674 886 miseros,
705 839 905 891 quoniam
939 853 992 880 ne
1020 839 1105 881 sint
1136 841 1335 893 quidem;
1374 841 1454 882 iarn

75 909 186 950 istuc
211 909 347 950 coacti
369 923 393 949 a
417 917 460 950 te
483 910 610 962 paulo
631 917 732 951 ante
757 912 1064 951 concessimus.

133 983 200 1023 M.
236 982 334 1035 Quo
378 983 505 1022 modo
545 982 676 1034 igitur
709 989 780 1022 aut
827 996 901 1022 cur
946 990 1130 1024 mortem
1175 984 1333 1024 malum
1377 984 1454 1024 tibi

74 1054 206 1094 videri
229 1053 365 1094 dicis?
400 1067 509 1106 quae
535 1060 608 1094 aut
637 1055 788 1094 beatos
817 1068 895 1094 nos
922 1054 1077 1095 efficiet
1103 1055 1255 1095 animis
1283 1070 1454 1097 manen-

72 1125 189 1166 tibus
211 1132 284 1166 aut
308 1139 393 1166 non
418 1126 597 1166 miseros
622 1139 751 1166 sensu
776 1126 974 1167 carentis.

134 1200 187 1239 A.
225 1200 406 1252 Expone
422 1199 560 1252 igitur,
588 1199 669 1239 nisi
685 1200 914 1240 molestum
939 1207 1018 1248 est,
1044 1201 1240 1252 primum,
1265 1202 1297 1240 si
1317 1209 1451 1253 potes,
1477 1192 1520 1265 1Νῆ

74 1273 239 1312 animos
263 1286 485 1313 remanere
513 1279 609 1324 post
639 1280 836 1320 mortem,
862 1280 967 1320 tum,
995 1272 1030 1312 si
1058 1273 1198 1313 minus
1226 1273 1266 1312 id
1293 1273 1454 1314 obtine-
1480 1259 1497 1266 ⁵

73 1344 139 1384 bis
156 1346 237 1398 (est
263 1345 375 1384 enirn
398 1345 612 1397 arduum),
630 1344 803 1384 docebis
824 1358 968 1385 carere
982 1344 1098 1384 omni
1122 1345 1233 1385 malo
1257 1353 1451 1386 mortem.

77 1417 172 1470 Ego
207 1417 321 1457 enim
356 1417 468 1456 istuc
503 1416 641 1468 ipsum
674 1430 824 1456 vereor
854 1430 909 1456 ne
938 1417 1097 1457 malum
1135 1419 1200 1465 sit,
1229 1421 1324 1458 'non
1360 1418 1454 1458 dico

74 1503 219 1531 carere
243 1504 384 1539 sensu,
411 1491 485 1531 sed
509 1491 741 1531 carendum
766 1504 873 1531 esse.

134 1563 197 1603 M.
235 1563 501 1602 Auctoribus
525 1562 696 1615 quidem
720 1563 771 1602 acl
796 1563 921 1602 istam
947 1564 1220 1611 sententiam,
1239 1577 1366 1616 quam
1391 1563 1454 1603 vis

73 1634 270 1682 obtineri,
292 1634 355 1674 uti
378 1634 550 1686 optimis
576 1647 820 1686 possumus,
840 1634 953 1685 quod
973 1633 1014 1673 in
1034 1635 1234 1674 omnibus
1254 1634 1393 1675 causis
1411 1643 1452 1675 et

75 1706 202 1747 debet
228 1713 270 1747 et
295 1706 401 1746 solet
426 1705 569 1746 valere
592 1705 833 1758 plurimum,
860 1712 901 1745 et
932 1706 1113 1757 primum
1138 1707 1309 1759 quidem
1339 1708 1454 1746 omni

72 1777 339 1830 antiquitate,
361 1791 470 1830 quae
488 1791 573 1830 quo
591 1777 765 1830 propius
783 1777 929 1817 aberat
950 1777 1003 1817 ab
1022 1784 1118 1817 ortu
1138 1784 1179 1817 et
1199 1778 1341 1818 divina
1362 1793 1454 1830 pro-

73 1848 211 1901 genie,
229 1849 311 1889 hoc
333 1849 486 1889 melius
510 1862 560 1889 ea
582 1848 780 1895 fortasse,
797 1862 906 1901 quae
930 1856 1049 1889 erant
1075 1863 1186 1897 vera,
1207 1850 1422 1890 cernebat.

798 1952 1170 1984 anve—carendum
1190 1963 1296 1984 esse:
1321 1955 1374 1985 i.e.
1397 1954 1454 1985 the

798 1996 1020 2036 anticipation
1039 1997 1074 2026 of
1097 1997 1154 2027 the
1176 1998 1401 2028 annihilation
1420 1998 1455 2028 of

115 1951 170 1983 25.
202 1953 292 1993 quid
316 1953 408 1983 hoc:
435 1952 519 1983 used
544 1952 669 1994 merely
694 1957 729 1983 to

73 1996 253 2027 introduce
277 1996 334 2027 the
358 1996 535 2036 following
558 1997 728 2037 question.

73 2059 116 2062 —
133 2041 264 2078 dasne,
301 2041 341 2071 do
366 2051 436 2080 you
470 2041 607 2071 admit?
622 2060 665 2063 —-
681 2041 729 2071 do

74 2094 184 2115 vero:
203 2084 374 2125 emphatic
382 2095 450 2124 yes.
462 2103 505 2106 —
517 2085 604 2121 sint,
619 2085 705 2114 exist
714 2095 728 2121 ,-

75 2128 132 2158 the
164 2139 286 2159 reason
314 2129 342 2159 is
371 2128 531 2168 assigned
564 2134 599 2159 to
630 2128 730 2158 M.—

75 2173 213 2203 animis
246 2173 510 2203 manentibus:
551 2172 631 2203 with
671 2172 729 2202 the

73 2216 168 2247 force
184 2216 222 2247 of
238 2227 258 2247 a
275 2217 484 2247 conditional
501 2216 625 2247 clause.

119 2259 174 2294 12.
207 2259 262 2291 26.
301 2261 517 2297 molestum,
550 2265 599 2290 too
629 2260 728 2290 much

75 2304 209 2335 trouble.
221 2305 308 2336 —si
326 2328 334 2335 .
354 2328 361 2335 .
381 2328 388 2335 .
407 2304 608 2340 obtinebis,
623 2304 728 2344 isyou

75 2348 115 2378 do
136 2353 194 2378 not
205 2353 312 2388 prove
333 2349 400 2378 this
412 2359 423 2383 ,·
447 2348 502 2378 for
525 2348 582 2377 the
603 2347 728 2383 future,

75 2401 132 2422 see
149 2397 272 2431 potero,
302 2402 336 2431 17
368 2403 398 2422 n.
411 2411 453 2414 —
466 2392 641 2422 docebis:
672 2391 730 2422 the

74 2434 190 2466 future
206 2436 286 2466 with
303 2436 361 2466 the
377 2436 471 2466 force
484 2435 521 2465 of
538 2435 595 2465 the
612 2435 730 2474 imper-

799 2040 857 2070 the
874 2041 1184 2080 soul.—primum
1202 2042 1374 2081 quidem:
1398 2042 1454 2072 the

798 2084 891 2115 word
931 2085 1200 2125 corresponding
1238 2091 1274 2115 to
1319 2086 1385 2116 this
1427 2086 1454 2117 is

800 2133 918 2168 porro,
951 2129 1175 2169 3o.—01nni
1207 2130 1452 2170 antiquitate:

798 2173 853 2203 i.e.
882 2172 940 2202 the
981 2182 1057 2203 men
1095 2172 1131 2202 of
1170 2173 1304 2204 ancient
1345 2174 1453 2204 times.

799 2216 874 2247 The
905 2216 1154 2256 philosophers,
1188 2217 1368 2259 especially
1397 2218 1453 2248 the

800 2260 923 2296 Stoics‚
966 2260 1070 2291 relied
1113 2261 1214 2291 much
1259 2271 1351 2301 upon
1396 2262 1454 2292 the

798 2303 972 2345 authority
999 2304 1037 2333 of
1064 2304 1121 2335 the
1150 2305 1454 2346 ancients.-—qu0

877 2371 884 2377 .
914 2349 1044 2378 aberat
1085 2350 1142 2384 ab,
1177 2349 1230 2379 tlze
1270 2360 1390 2380 nearer
1429 2352 1456 2380 it

799 2402 867 2421 was
883 2396 923 2421 to.
935 2392 1112 2422 —divina
1131 2393 1325 2433 progenie,
1338 2395 1454 2424 divine

798 2436 932 2465 descent.
