1669 2698
116 426 154 456 19

188 150 232 187 18
592 153 641 184 M.
672 153 826 184 TVLLI
865 154 1155 188 CICERONIS

179 275 385 313 mundum
411 288 459 314 ex
484 275 665 326 quadam
690 281 811 326 parte
833 275 1057 315 mortalem
1087 275 1178 327 ipse
1207 277 1313 317 deus
1339 284 1554 328 aeternus,

180 345 239 385 sic
262 345 411 397 fragile
436 359 591 397 corpus
613 345 781 384 animus
807 345 1093 398 sempiternus
1116 354 1274 388 movet.

241 417 353 455 Nam
372 417 485 467 quod
503 430 671 468 semper
690 423 900 464 movetur,
918 424 1142 457 aeternum
1163 425 1250 467 est;
1283 421 1396 472 quod
1410 428 1555 461 autem

179 494 343 527 motum
382 488 521 527 adfert
565 487 689 527 alicui
729 488 928 540 quodque
967 487 1106 540 ipsum
1146 491 1334 541 agitatur
1370 491 1554 540 aliunde,

180 559 349 611 quando
375 559 503 598 finem
527 559 657 598 habet
681 566 835 606 motus,
856 559 1027 599 vivendi
1051 561 1179 601 finem
1206 561 1360 603 habeat
1379 576 1556 604 necesse

180 637 257 670 est.
327 630 473 670 Solum
519 630 649 682 igitur
686 631 801 682 quod
846 644 941 671 sese
985 639 1139 679 movet,
1182 632 1280 685 quia
1322 647 1555 686 numquam

179 701 391 741 deseritur
413 715 437 741 a
461 715 520 749 56,
539 715 773 754 numquam
797 715 853 742 ne
870 702 1031 743 moveri
1055 704 1226 755 quidem
1247 705 1401 745 desinit
1419 719 1427 754 ;
1455 705 1556 757 quin

179 772 307 812 etiam
339 773 507 821 ceteris,
538 786 649 826 quae
678 780 921 822 moventur,
952 773 1021 814 hic
1049 774 1157 822 fons,
1192 775 1272 815 hoc
1304 775 1556 828 principium

180 851 244 884 est
274 843 484 884 movendi.
553 844 751 897 Principii
781 852 926 885 autem
959 845 1074 885 nulla
1105 852 1169 886 est
1201 845 1347 899 orig03
1380 861 1478 887 nam
1507 860 1556 887 ex

180 914 387 967 principio
417 916 614 955 oriuntur
644 917 796 964 omnia,
829 915 967 968 ipsum
1000 923 1145 957 autem
1179 917 1297 957 nulla
1327 931 1377 958 ex
1404 931 1449 958 re
1478 919 1558 958 alia

179 986 297 1026 nasci
323 993 496 1038 potest;
530 1000 610 1027 nec
634 987 747 1027 enim
772 994 884 1028 esset
913 988 954 1027 id
981 987 1250 1040 principium,
1277 989 1390 1041 quod
1412 989 1556 1041 gigne-

181 1064 297 1097 retur
320 1059 515 1107 aliunde;
542 1058 694 1111 quodsi
717 1072 950 1111 numquam
970 1058 1114 1106 oritur,
1136 1073 1190 1099 ne
1213 1059 1366 1100 occidit
1386 1059 1556 1112 quidem

182 1143 395 1182 umquam.
464 1130 576 1169 Nam
610 1129 864 1182 principium
904 1130 1165 1170 exstinctum
1209 1143 1289 1170 nec
1327 1131 1465 1183 ipsum
1503 1131 1556 1170 ab

180 1200 261 1240 alio
284 1208 534 1242 renascetur
557 1215 636 1241 nec
664 1215 714 1241 ex
738 1216 784 1241 56
807 1202 919 1242 aliud
945 1202 1118 1250 creabit,
1144 1202 1352 1254 siquidem
1380 1215 1557 1242 necesse

182 1279 246 1312 est
269 1286 293 1312 a
315 1272 523 1324 principio
547 1272 645 1312 oriri
669 1274 820 1313 onmia.
890 1274 955 1313 Ita
984 1273 1031 1312 fit
1062 1280 1106 1312 ut
1131 1280 1274 1313 motus
1301 1273 1555 1325 principium

182 1357 233 1384 ex
255 1357 305 1383 eo
333 1343 385 1384 sit
415 1345 528 1396 quod
554 1343 693 1395 ipsum
718 1358 742 1383 a
772 1358 816 1384 se
845 1351 1068 1392 movetur;
1103 1343 1142 1383 id
1165 1350 1309 1384 autem
1338 1357 1417 1384 nec
1440 1345 1556 1384 nasci

182 1422 323 1467 potest
359 1429 439 1455 1166
474 1414 610 1464 111011;
643 1415 709 1455 vel
745 1416 940 1455 concidat
975 1429 1102 1455 omne
1136 1416 1300 1455 caelum
1333 1416 1557 1467 omnisque

182 1493 334 1526 natura
351 1493 392 1526 et
413 1487 619 1526 consistat
640 1500 819 1526 necesse
838 1493 901 1526 est
927 1500 1008 1526 nec
1025 1486 1109 1525 vim
1134 1486 1260 1526 ullam
1285 1485 1554 1527 nanciscatur

182 1572 264 1610 qua
286 1572 310 1597 a
332 1557 469 1609 primo
492 1557 673 1609 impulsa
697 1564 929 1597 moveatur.

906 1683 995 1713 form
1022 1683 1110 1719 thus,
1134 1684 1250 1713 anima
1278 1694 1319 1713 ex
1343 1694 1374 1713 se
1399 1688 1556 1717 movetur,

906 1728 995 1767 quod
1026 1738 1067 1756 ex
1101 1737 1134 1756 se
1168 1731 1315 1756 movctltr
1348 1728 1555 1766 principium

906 1775 1011 1801 motus
1034 1775 1087 1805 est,
1112 1771 1200 1810 quad
1214 1772 1424 1809 prim-Isium
1451 1775 1557 1800 motus

181 1687 286 1720 sentit,
305 1685 615 1716 ete—mundum
641 1708 648 1714 .
675 1707 682 1714 .
708 1707 716 1713 .
740 1693 837 1714 mor-

182 1729 315 1759 talem:
337 1729 379 1759 cf.
393 1730 559 1759 eluviones
577 1752 583 1757 .
603 1753 608 1758 .
628 1753 632 1758 .
651 1733 835 1764 terrarum,

187 1772 429 1813 15.—fragile
456 1795 464 1802 .
489 1795 497 1802 .
523 1795 531 1803 .
554 1773 835 1812 sempiternus:

181 1817 363 1847 chiasmus.

227 1861 279 1891 19.
312 1861 398 1892 This
415 1861 481 1892 and
500 1860 558 1891 the
574 1861 753 1900 following
770 1870 836 1890 566-

182 1905 253 1935 tion
270 1906 406 1936 contain
428 1906 484 1936 the
507 1909 686 1945 argument
706 1904 760 1934 for
779 1904 837 1934 the

182 1950 401 1991 immortality
414 1950 451 1980 of
465 1950 521 1979 the
535 1949 611 1979 soul
626 1948 731 1978 based
745 1958 836 1988 upon

182 1993 224 2023 its
249 1993 390 2033 original
415 1993 562 2034 activity.
612 1993 649 2022 In
674 1992 739 2022 this
764 2002 836 2031 pas-

182 2047 262 2076 sage
295 2037 415 2067 Cicero
448 2037 509 2067 has
541 2035 701 2066 followed
739 2036 836 2065 Plato

182 2081 261 2111 with
278 2081 426 2122 scarcely
443 2091 509 2122 any
526 2080 698 2111 deviation
719 2080 837 2119 (Phae-

182 2126 264 2154 drus
280 2135 311 2164 p.
333 2134 394 2165 245
411 2125 441 2164 c)
456 2137 461 2161 ;
487 2124 540 2154 for
558 2124 614 2154 the
631 2133 724 2154 same
742 2133 836 2162 argu-

182 2174 286 2203 ment,
301 2169 342 2199 cf.
356 2169 394 2198 de
406 2169 483 2199 Seu.
498 2168 537 2206 78
555 2178 693 2207 cumque
708 2171 837 2206 semper

182 2214 323 2251 agitetur
359 2213 507 2248 animus,
542 2217 604 2242 etc.
618 2223 624 2247 3
680 2211 769 2241 Tusc.
808 2210 834 2240 I.

186 2264 288 2296 53-55
307 2256 368 2285 illa
387 2257 473 2285 ratio
490 2279 496 2285 .
515 2279 521 2285 .
541 2279 546 2284 .
564 2265 647 2295 quae
666 2266 685 2284 α
705 2255 836 2284 Socrate

183 2304 229 2328 est
266 2301 302 2328 in
342 2300 495 2329 Phaedro
535 2299 710 2337 explicata,
751 2303 834 2334 etc.;

185 2342 334 2372 Macrob.
356 2344 441 2372 Sam.
462 2343 547 2381 Scis).
573 2342 618 2371 ΙΙ.
647 2350 692 2381 13.
720 2350 833 2376 10-12,

183 2386 215 2415 in
230 2386 338 2416 which
354 2386 411 2415 the
423 2390 601 2425 argument
614 2385 642 2415 is
656 2385 753 2424 given
768 2384 801 2414 in
815 2394 835 2414 a

183 2430 286 2460 series
303 2429 340 2459 of
353 2429 563 2470 syllogisms;
581 2429 613 2458 in
626 2428 683 2458 the
697 2427 834 2458 briefest

904 1819 952 1844 est
967 1819 1083 1844 natum
1104 1824 1169 1843 non
1186 1819 1240 1848 cst,
1254 1815 1342 1853 qnod
1357 1818 1470 1843 nalum
1491 1825 1556 1843 nen

905 1862 952 1888 est
968 1858 1158 1888 immortale
1174 1862 1226 1891 est,
1244 1858 1348 1896 Igitur
1363 1858 1481 1886 anima
1499 1859 1557 1886 im-

906 1902 1060 1932 mortalis
1072 1905 1124 1931 est.
1133 1920 1174 1923 ——
1185 1910 1270 1931 sese
1284 1905 1410 1930 movet
1424 1910 1430 1929 :
1444 1900 1557 1931 Baiter

906 1945 1003 1976 reads
1034 1956 1066 1975 se
1099 1946 1206 1984 {psum
1240 1948 1347 1974 movet
1358 1954 1371 1980 ,·
1408 1943 1556 1974 likewise

912 1991 1004 2020 Tusc.
1032 1989 1058 2018 Ι.
1087 1997 1143 2030 533
1170 1987 1365 2018 Macrobius
1390 1987 1431 2028 (P
1455 1987 1496 2028 B)
1519 1988 1557 2018 de

905 2045 936 2064 se
964 2038 1076 2064 movet.
1089 2051 1129 2054 k
1142 2041 1349 2072 numquam
1382 2041 1429 2062 ne
1463 2054 1470 2061 .
1505 2054 1513 2061 .

904 2078 1057 2117 quidem
1073 2087 1080 2106 ε
1128 2076 1185 2106 the
1223 2075 1359 2115 general
1401 2075 1556 2114 negative

904 2130 1111 2161 numquam
1133 2120 1159 2150 15
1180 2119 1425 2159 strengthened
1445 2118 1490 2160 by
1510 2128 1555 2149 ne

905 2188 912 2195 .
933 2188 940 2195 .
962 2188 968 2194 .
995 2164 1316 2204 quidem.—quin
1338 2163 1474 2193 etiam:
1499 2172 1555 2193 see

908 2218 985 2249 1511.
998 2207 1277 2248 —principium
1291 2230 1298 2237 .
1315 2230 1322 2236 .
1339 2230 1346 2236 .
1362 2207 1554 2237 movendi:

903 2253 944 2282 cf.
955 2253 1280 2291 motusprinczpimm
1290 2250 1556 2290 below.-—origo

904 2319 912 2326 .
939 2319 946 2326 .
973 2319 980 2325 .
1007 2296 1197 2326 oriuntur:
1230 2300 1310 2325 note
1334 2294 1391 2324 the
1414 2294 1490 2334 play
1510 2303 1553 2323 on

903 2340 959 2369 the
978 2340 1087 2369 words
1110 2339 1199 2369 from
1224 2339 1282 2369 the
1303 2348 1397 2368 Same
1415 2343 1554 2367 root.—

904 2384 1150 2413 exstinctum:
1164 2382 1245 2413 used
1256 2381 1333 2412 with
1348 2381 1404 2411 the
1415 2381 1507 2411 force
1519 2380 1555 2410 of

902 2437 922 2457 a
934 2426 1144 2457 conditional
1162 2426 1286 2456 clause.
1297 2444 1339 2448 —
1349 2424 1421 2462 vel,
1433 2435 1472 2454 or
1480 2425 1552 2454 else.
