1674 2698
335 110 500 142 'l'vsex'
512 110 571 142 LA
583 111 611 141 N
623 111 652 141 Λ
665 110 690 141 l<
700 110 726 141 V
739 110 773 141 M
813 110 1180 142 1)151’V'1·A'1'1()N
1193 111 1219 142 Υ
1232 112 1266 142 Μ
1303 111 1311 141 l
1455 118 1509 157 47

136 235 342 274 immensa
366 232 617 285 magnitudo
635 246 744 285 quae
764 231 831 271 illa
855 239 942 272 tarn
968 233 1101 272 multa
1123 233 1257 284 possit
1277 233 1511 282 effingere?

136 306 282 359 Quid?
331 305 399 344 illa
423 304 485 344 vis
508 318 617 357 quae
641 305 814 344 tandem
838 311 917 352 est,
944 317 1053 356 quae
1076 304 1306 355 investigat
1330 305 1507 351 occulta,

134 392 242 430 quae
273 377 463 417 inventio
491 383 621 429 atque
653 375 910 428 excogitatio
933 375 1120 415 dicitur?

134 457 303 489 terrena
326 448 581 501 mortalique
606 454 758 488 natura
782 454 823 487 et
848 448 1008 488 caduca
1033 455 1234 488 concreta
1258 462 1306 487 ea
1330 449 1508 495 videtur,

132 529 205 562 aut
244 521 315 573 qui
353 521 527 573 primus,
570 520 684 572 quod
725 533 917 560 summae
962 519 1196 572 sapientiae
1243 520 1511 574 Pythagorae

132 593 269 633 visum
302 600 378 640 est,
405 592 605 632 omnibus
637 591 764 632 rebus
796 591 998 644 imposuit
1031 593 1217 640 nomina,
1241 600 1313 632 aut
1338 592 1410 645 qui
1433 593 1511 632 dis-

133 665 293 717 sipatos
322 664 516 705 homines
548 663 826 717 congregavit
856 671 897 704 et
926 665 979 704 ad
1003 665 1255 704 societatem
1280 665 1392 704 vitae
1417 678 1511 704 con-

132 738 312 785 vocavit,
353 744 425 777 aut
468 736 541 789 qui
584 750 713 776 sonos
757 735 885 784 vocis,
932 735 1004 789 qui
1048 735 1203 775 infiniti
1242 736 1509 783 videbantur,

132 808 278 861 paucis
322 808 561 848 litterarum
606 807 720 848 notis
765 807 1022 855 terminavit,
1061 815 1133 848 aut
1170 808 1242 860 qui
1276 807 1508 848 errantium

132 881 351 920 stellarum
399 894 561 927 cursus,
612 879 975 932 praegressiones,
1026 879 1268 920 institiones
1316 880 1510 919 notavit?

134 952 299 993 Omnes
332 952 489 1005 magni,
526 951 654 992 etiam
691 951 944 1004 superiores,
978 951 1050 1004 qui
1085 952 1246 1004 fruges,
1281 950 1353 1004 qui
1386 951 1512 991 vesti-

131 1029 238 1071 tum,
269 1023 341 1076 qui
371 1030 500 1072 tecta,
538 1022 610 1076 qui
646 1023 809 1063 cultum
849 1023 972 1070 vitae,
1006 1024 1078 1075 qui
1113 1022 1323 1075 praesidia
1362 1029 1511 1062 contra

132 1095 244 1135 feras
287 1096 557 1143 invenerunt,
603 1109 627 1135 a
669 1094 826 1147 quibus
870 1095 1155 1134 mansuefacti
1199 1101 1241 1135 et
1286 1093 1444 1135 exculti
1487 1108 1511 1134 a

130 1166 384 1207 necessariis
408 1166 601 1206 artificiis
623 1167 677 1206 ad
701 1166 963 1219 elegantiora
994 1165 1261 1206 defluximus.
1331 1167 1442 1206 Nam
1467 1173 1508 1206 et

129 1238 303 1278 auribus
341 1238 572 1279 oblectatio
611 1252 767 1291 magna
803 1245 925 1290 parta
961 1245 1028 1278 est
1066 1237 1241 1278 inventa
1272 1244 1314 1277 et
1350 1245 1508 1289 tempe-

130 1316 221 1350 rata
251 1310 459 1350 varietate
495 1316 536 1351 et
576 1316 730 1349 natura
764 1323 982 1358 sonorum,
1014 1315 1056 1349 et
1089 1316 1205 1349 astra
1239 1308 1509 1361 suspeximus

130 1395 227 1422 cum
252 1395 311 1430 ea,
332 1396 441 1435 quae
467 1388 568 1422 sunt
593 1382 721 1421 infixa
747 1382 877 1421 certis
900 1381 1015 1429 locis,
1038 1388 1129 1421 tum
1155 1380 1223 1421 illa
1246 1395 1331 1421 non
1357 1394 1414 1429 re,
1434 1381 1508 1421 sed

129 1453 337 1494 vocabulo
361 1454 546 1494 errantia
566 1467 574 1503 ;
597 1467 778 1506 quorum
804 1453 1106 1493 conversiones
1125 1450 1349 1505 omnisque
1367 1459 1509 1492 motus

130 1525 202 1579 qui
236 1525 379 1567 animo
416 1525 533 1574 vidit,
567 1527 601 1567 is
635 1527 780 1567 docuit
818 1525 999 1566 similem
1035 1526 1224 1566 animum
1260 1539 1384 1565 suum
1418 1525 1509 1565 eius

1191 377 1252 415 lix
1275 376 1411 416 hacne
1435 377 1509 415 tibi
1551 390 1576 416 22

130 1619 203 1650 that
227 1625 262 1651 at
287 1619 375 1651 birth
401 1620 458 1650 the
482 1620 563 1651 soul'
581 1621 608 1651 is
631 1630 652 1651 a
673 1621 787 1652 tabula

131 1675 207 1694 rasa
222 1664 290 1694 and
308 1665 380 1695 that
395 1665 438 1695 all
456 1665 658 1705 knowledge
672 1675 786 1695 comes

129 1708 217 1738 from
250 1709 307 1739 the
342 1709 540 1749 perception
574 1708 611 1739 of
642 1709 785 1748 objects.

130 1753 215 1783 This
232 1753 440 1793 perception,
459 1753 642 1793 according
659 1758 695 1783 to
713 1753 787 1783 Cle-

129 1796 261 1832 anthes,
288 1797 412 1828 results
443 1797 532 1827 from
564 1797 785 1838 impressions

130 1841 229 1872 made
259 1851 350 1881 upon
381 1841 439 1872 the
463 1841 540 1872 soul
566 1841 609 1882 by
634 1842 785 1871 external

129 1884 272 1923 objects.
308 1885 383 1916 The
394 1885 515 1926 theory
525 1886 562 1915 of
575 1886 785 1926 Chrysippus

129 1928 245 1959 differs
272 1929 460 1960 somewhat
488 1930 578 1960 from
603 1929 680 1960 this.
730 1930 786 1959 He

129 1972 208 2002 held
226 1973 299 2003 that
314 1973 408 2003 there
422 1983 490 2004 was
504 1983 524 2004 a
536 1974 668 2013 change
681 1974 713 2004 in
728 1973 786 2004 the

128 2017 204 2047 soul
221 2016 354 2047 instead
368 2017 405 2047 of
421 2027 463 2048 an
477 2018 678 2058 impression
692 2028 784 2057 upon

128 2060 163 2090 it.
181 2079 224 2082 —
241 2061 484 2101 magnitudo:
526 2072 571 2092 Sc.
598 2063 783 2092 memoriae.

129 2122 172 2126 —
188 2104 390 2144 effingere:
415 2107 436 2136 i.
446 2116 470 2135 e.
489 2106 591 2145 effi'cta
611 2107 783 2136 continere.

174 2147 227 2178 62.
261 2153 326 2180 aut
367 2150 451 2189 qui:
499 2149 588 2180 after
629 2155 694 2180 aut
738 2159 783 2180 sc.

129 2192 228 2222 tibine
258 2203 301 2223 ex
332 2193 394 2223 hac
424 2198 557 2223 terrena
589 2194 787 2233 mortalique

130 2240 255 2266 natura
271 2241 302 2266 et
318 2237 440 2267 caduca
460 2242 629 2267 concretus
648 2239 787 2268 animus

129 2281 263 2310 videtur
274 2281 344 2310 eius
354 2281 443 2321 (qui,
454 2281 542 2319 ete).
556 2281 785 2320 —imposuit

129 2324 299 2354 nomina:
321 2324 418 2354 Plato
430 2323 497 2354 and
510 2324 567 2355 the
580 2324 692 2355 Stoics
704 2324 782 2355 held

129 2367 204 2397 that
218 2377 337 2399 names
351 2378 436 2399 were
453 2368 554 2408 given
568 2369 660 2406 φύσει
675 2369 784 2409 (natu-

130 2412 202 2442 rall
196 2412 234 2452 y)
243 2411 311 2442 and
321 2416 382 2443 not
396 2413 480 2443 θέσει
492 2411 728 2453 (arbitrarily);
740 2412 784 2443 cf.

857 1620 943 1650 Gell.
971 1621 1013 1650 X.
1043 1629 1072 1658 4.
1102 1628 1161 1660 1—3
1186 1620 1324 1649 nomina
1348 1619 1511 1659 verbaque

855 1675 921 1694 non
935 1665 1049 1703 positu
1060 1664 1217 1704 fortuito,
1237 1664 1295 1693 sed
1311 1664 1454 1703 quadam
1476 1664 1513 1692 vi

854 1713 884 1739 et
895 1710 1021 1738 ratione
1029 1712 1180 1743 naturae,
1182 1708 1279 1748 facta
1290 1718 1356 1737 esse
1364 1709 1403 1737 l'.
1414 1708 1509 1745 mgi-

853 1754 930 1782 dins
950 1754 987 1782 in
1002 1753 1240 1791 grammaticis
1261 1752 1509 1781 commentariis

854 1798 951 1832 docet,
970 1807 1037 1826 rem
1056 1807 1136 1826 sane
1152 1797 1189 1825 in
1199 1795 1431 1835 philosophiae
1447 1795 1510 1824 dis-

854 1841 1089 1880 ceptationibus
1099 1840 1262 1870 celebrem.
1283 1839 1409 1876 Quaeri
1419 1840 1507 1869 enim

853 1886 987 1915 solitum
1013 1885 1108 1924 apud
1122 1884 1338 1924 philosophos
1358 1884 1450 1920 φύσει
1467 1884 1509 1912 τὰ

854 1929 993 1966 ὀνόματα
1015 1930 1083 1959 sint
1103 1925 1122 1965 ἢ
1147 1929 1241 1958 θέσει.
1281 1928 1325 1957 In
1344 1938 1414 1957 eam
1440 1938 1506 1957 rem

854 1974 962 2004 multa
986 1977 1187 2012 argumenta
1219 1973 1300 2002 dicit
1320 1982 1381 2001 cur
1401 1972 1511 2001 videri

855 2018 989 2056 possint
1007 2017 1106 2047 verba
1128 2027 1193 2047 esse
1211 2016 1386 2046 naturalia
1404 2016 1510 2054 magis

853 2072 953 2101 quam
968 2061 1164 2091 arbitraria.
1175 2060 1288 2100 —qui
1302 2059 1509 2099 dissipatos

854 2128 862 2135 .
882 2129 889 2135 .
911 2129 916 2134 .
935 2105 1179 2135 convocavit:
1206 2103 1246 2134 cf.
1264 2104 1354 2134 Sem.
1375 2103 1462 2142 Sap.
1483 2110 1508 2143 5.

851 2167 895 2171 —
907 2149 972 2189 qui
990 2149 1196 2179 errantium
1213 2171 1220 2178 .
1237 2171 1244 2178 .
1261 2171 1268 2177 .
1283 2147 1448 2178 notavit:
1467 2146 1509 2176 cf.

854 2194 900 2223 JV.
919 2194 964 2223 D.
993 2193 1040 2222 II.
1061 2201 1110 2233 51,
1136 2191 1508 2231 103.—superiores:

854 2236 1017 2277 referring
1048 2241 1083 2266 to
1117 2246 1194 2266 men
1224 2235 1261 2265 of
1291 2235 1359 2264 still
1392 2234 1511 2264 earlier

854 2281 963 2311 times.
980 2299 1023 2303 —
1040 2281 1086 2310 ad
1106 2279 1338 2320 elegantiora
1356 2278 1511 2309 defluxi-

852 2334 950 2361 mus,
968 2335 1016 2354 we
1039 2324 1123 2353 leave
1140 2325 1264 2362 passed
1279 2323 1465 2363 gradually
1481 2326 1511 2351 to

852 2379 942 2398 more
966 2367 1095 2407 refined
1115 2372 1196 2397 arts.
1208 2385 1251 2389 -
1263 2367 1437 2402 errantia,
1456 2366 1510 2396 the

852 2413 997 2452 planels.
1010 2429 1053 2434 —-
1064 2411 1202 2448 docuit,
1221 2411 1282 2441 llas
1292 2411 1428 2451 proved.
