1669 2698
178 141 201 172 2
585 135 635 170 M.
665 134 818 169 TVLLI
852 135 1143 170 CICERONIS

177 267 338 301 rectam
356 260 527 301 vivendi
546 260 655 300 viam
675 260 951 313 pertinerent,
972 260 1081 300 ratio
1104 266 1145 301 et
1169 260 1392 313 disciplina
1410 262 1551 302 studio

177 332 422 384 sapientiae,
463 345 572 385 quae
609 332 877 385 philosophia
916 331 1082 379 dicitur,
1125 333 1429 381 contineretur,
1469 334 1552 374 hoc

175 403 279 443 mihi
304 403 469 444 Latinis
492 403 646 443 litteris
670 402 985 443 inlustrandum
1008 403 1166 455 putavi,
1192 418 1277 443 non
1301 405 1400 457 quia
1422 405 1551 457 philo-

177 475 325 528 sophia
345 474 521 516 Graecis
540 482 581 515 et
600 474 755 515 litteris
775 482 816 515 et
835 474 1084 515 doctoribus
1108 475 1267 528 percipi
1285 489 1371 516 non
1389 484 1549 528 posset,

176 548 251 588 sed
275 561 417 588 meum
444 560 613 599 semper
636 546 839 587 iudicium
863 546 945 587 fuit
970 548 1111 587 onmia
1134 554 1306 587 nostros
1333 555 1407 588 aut
1440 548 1553 588 inve-

176 619 292 659 nisse
315 633 390 671 per
414 632 459 659 se
484 618 719 671 sapientius
737 632 865 671 quam
888 619 1076 659 Graecos
1100 626 1172 659 aut
1195 626 1373 672 accepta
1395 619 1448 659 ab
1471 620 1552 659 illis

176 690 333 731 fecisse
356 690 542 739 meliora,
568 704 677 743 quae
699 690 872 743 quidem
896 690 1026 743 digna
1051 690 1304 730 statuissent
1330 691 1371 731 in
1397 691 1551 744 quibus

133 774 140 785 ‘
178 762 459 802 elaborarent.
517 763 629 802 Nam
654 776 795 803 mores
819 769 862 802 et
886 763 1086 802 instituta
1104 763 1216 802 vitae
1234 776 1389 815 resque
1412 764 1553 802 dome-

177 834 306 874 sticas
322 847 370 874 ac
385 833 603 874 familiaris
619 848 697 874 nos
714 834 910 886 profecto
921 841 961 873 et
972 834 1125 874 melius
1141 841 1313 873 tuemur
1323 841 1362 874 et
1380 834 1547 881 lautius,

177 919 264 945 rem
289 920 390 946 vero
412 905 627 958 publicam
652 905 788 946 nostri
811 905 994 945 maiores
1024 912 1141 945 certe
1171 905 1418 946 melioribus
1448 912 1553 945 tem—

175 983 433 1029 peraverunt
466 983 507 1018 et
540 977 750 1017 institutis
780 984 821 1017 et
854 976 1032 1029 legibus.
1101 976 1216 1029 Quid
1250 976 1397 1029 loquar
1425 977 1477 1016 de
1507 990 1552 1016 re

176 1048 376 1088 militari?
413 1048 454 1088 in
487 1062 570 1101 qua
604 1062 700 1088 cum
735 1049 895 1089 virtute
928 1047 1063 1088 nostri
1096 1048 1277 1088 multum
1309 1048 1550 1096 valuerunt,

176 1127 267 1160 tum
302 1120 398 1173 plus
431 1120 560 1160 etiam
592 1120 828 1172 disciplina.
895 1120 985 1159 Iam
1021 1119 1091 1159 illa
1126 1133 1236 1171 quae
1268 1126 1432 1167 natura,
1465 1133 1550 1159 non

176 1190 329 1231 litteris
352 1191 548 1231 adsecuti
571 1198 684 1239 sunt,
706 1204 845 1243 neque
865 1205 961 1231 cum
981 1190 1161 1231 Graecia
1184 1204 1323 1243 neque
1347 1190 1431 1230 ulla
1454 1204 1551 1230 cum

176 1269 308 1315 gente
332 1270 430 1302 sunt
457 1262 730 1303 conferenda.
799 1263 921 1315 Quae
945 1262 1061 1302 enim
1085 1268 1206 1301 tanta
1222 1262 1424 1314 gravitas,
1443 1275 1553 1314 quae

177 1341 296 1374 tanta
327 1335 581 1382 constantia,
615 1333 869 1386 magnitudo
897 1334 1037 1381 animi,
1072 1333 1271 1385 probitas,
1300 1333 1418 1380 fides,
1443 1346 1552 1385 quae

176 1411 264 1445 tam
295 1406 510 1445 excellens
541 1405 582 1444 in
614 1406 730 1445 omni
759 1418 918 1458 genere
948 1404 1085 1444 virtus
1113 1404 1154 1443 in
1185 1404 1280 1444 ullis
1308 1404 1388 1444 fuit
1420 1411 1466 1444 ut
1498 1404 1551 1444 sit

176 1498 336 1528 branches
360 1499 400 1539 cy*
414 1498 769 1537 knowledge—ratio
795 1503 830 1528 et

177 1542 388 1582 disciplina,
408 1543 595 1581 principles
619 1543 693 1571 and
714 1543 804 1571 mles
819 1552 829 1574 :

176 1586 218 1615 cf.
236 1588 274 1616 dc
288 1587 350 1625 Off.
373 1587 438 1615 III.
453 1595 491 1615 20
503 1587 687 1615 Stoicorum
708 1587 833 1615 rationi

177 1631 445 1670 disciplinm'quc,
459 1639 608 1669 —quae
650 1629 754 1659 refers
795 1635 830 1659 to

178 1674 314 1709 studio,
334 1674 393 1703 but
417 1674 515 1704 takes
534 1674 578 1703 its
595 1673 722 1712 gender
741 1673 831 1703 from

177 1718 428 1757 philosophia,
443 1718 550 1747 which
563 1717 589 1747 is
606 1717 683 1747 thus
698 1716 829 1747 defined

177 1772 214 1792 as
237 1763 385 1792 studium
412 1762 590 1800 sapientiae
605 1771 615 1795 ,·
641 1761 683 1791 cf.
701 1762 774 1791 also
795 1762 833 1791 de

180 1806 242 1845 Off
270 1806 316 1834 ΙΙ.
337 1813 352 1844 5
380 1816 436 1835 πεί
461 1807 638 1845 quicquam
665 1805 766 1835 aliud
786 1809 835 1834 est

169 1850 383 1888 philosophia
409 1872 416 1878 .
445 1873 450 1878 .
478 1873 484 1879 .
507 1854 644 1888 prffl‘h‘r
682 1850 830 1879 studium

174 1894 503 1932 sapientiam—non
528 1893 615 1932 quia
643 1915 650 1922 .
677 1915 684 1922 .
711 1915 719 1922 .
747 1893 831 1922 sed:

176 1947 226 1967 we
242 1936 366 1966 should
377 1942 496 1976 expect
513 1937 571 1966 sed
584 1937 679 1976 quod,
697 1936 756 1966 but
776 1936 832 1966 the

177 1981 305 2011 second
344 1985 505 2011 sentence
562 1980 589 2010 is
637 1980 832 2021 commonly

177 2025 276 2055 made
313 2025 553 2063 independent.
565 2043 607 2046 —
620 2024 831 2064 sapientius

177 2091 187 2099 .
205 2092 213 2099 .
233 2092 241 2098 .
261 2069 431 2098 meliora:
472 2068 526 2098 for
566 2068 695 2099 similar
732 2073 832 2098 state-

178 2117 298 2147 ments,
314 2112 354 2142 cf.
372 2113 410 2142 de
430 2113 487 2142 Or.
505 2113 531 2142 Ι.
549 2121 585 2153 ¹5
604 2111 670 2142 and
692 2121 769 2151 1973
794 2112 832 2141 de

177 2158 226 2186 Re
247 2156 330 2186 Pub.
355 2157 401 2186 ΙΙ.
425 2165 476 2197 30.
524 2156 608 2186 This
631 2156 715 2186 does
738 2166 831 2185 more

177 2200 281 2230 credit
302 2205 338 2230 to
362 2200 512 2230 Cicero's
534 2200 724 2240 patriotism
748 2200 829 2229 than

178 2248 213 2274 to
250 2243 302 2273 his
341 2243 761 2284 judgment.——quidem‚
797 2248 833 2273 at

177 2289 261 2318 least
272 2298 286 2323 ,·
325 2287 418 2318 often
458 2287 540 2317 used
575 2287 607 2317 in
640 2297 659 2317 a
692 2287 830 2317 relative

177 2331 290 2361 clause
316 2331 353 2361 of
378 2331 578 2361 restriction.

221 2373 251 2404 2.
284 2375 457 2405 instituta
472 2375 586 2411 vitae,
603 2376 693 2405 rules
709 2375 829 2414 oflife.

176 2419 459 2449 —domesticas
517 2427 560 2448 ac
611 2418 828 2449 familiaris:

900 1497 1019 1527 Cicero
1037 1497 1064 1527 is
1080 1497 1165 1527 fond
1183 1496 1219 1527 of
1243 1497 1343 1537 using
1359 1502 1425 1527 two
1442 1496 1553 1528 words

899 1541 935 1571 of
961 1541 1017 1571 the
1050 1551 1143 1571 same
1175 1542 1311 1580 general
1336 1541 1493 1580 meaning
1517 1546 1552 1570 to

899 1595 1015 1615 secure
1032 1595 1052 1615 a
1075 1584 1315 1615 well-rounded
1337 1585 1553 1624 expression;

900 1630 941 1659 cf.
976 1638 1034 1670 503
1070 1628 1138 1659 and
1172 1630 1211 1659 de
1248 1629 1310 1668 Off.
1348 1629 1373 1658 Ι.
1413 1637 1449 1668 13
1481 1629 1555 1658 veri

899 1674 1074 1713 inquisitio
1102 1678 1200 1713 atque
1224 1673 1430 1712 investigatio
1442 1683 1454 1708 ,·
1479 1673 1553 1702 also

899 1716 978 1746 ibid.
1013 1726 1051 1757 54
1076 1718 1276 1756 propagatio
1305 1721 1336 1746 et
1364 1717 1553 1746 suboles.—

900 1761 1052 1797 lautius‚
1082 1771 1172 1790 more
1196 1761 1367 1799 elqgnzntly.
1383 1765 1552 1796 —certe‚

899 1810 936 1834 at
958 1806 1065 1840 [casm
1089 1806 1138 1835 i.e.
1162 1804 1195 1834 in
1222 1804 1279 1834 the
1307 1804 1381 1834 best
1407 1804 1491 1845 days
1518 1803 1555 1833 of

901 1849 959 1878 the
1015 1848 1190 1888 Republic.
1205 1848 1350 1888 —quid
1399 1847 1552 1887 loquar:

901 1892 1065 1933 implying
1081 1892 1123 1933 by
1142 1891 1209 1922 this
1226 1892 1374 1921 formula
1391 1891 1465 1922 that
1485 1891 1509 1921 it
1527 1891 1554 1921 is

903 1941 963 1966 not
992 1946 1171 1977 necessary
1196 1941 1231 1965 to
1257 1935 1392 1975 enlarge
1416 1945 1461 1965 on
1487 1934 1554 1965 this

902 1980 991 2019 topic
1033 1980 1093 2020 (de
1135 1989 1172 2010 re
1217 1979 1551 2019 militari).—iam‚

901 2034 1093 2058 moreover,·
1130 2023 1328 2063 continuing
1382 2023 1439 2053 the
1489 2023 1554 2052 dis-

900 2073 1236 2104 course—natura,
1282 2076 1356 2097 non
1395 2067 1551 2097 litteris:

900 2113 950 2141 ἵζε.
977 2112 1110 2141 natural
1135 2111 1351 2141 endowment
1376 2120 1414 2141 as
1439 2110 1554 2141 distin-

900 2155 1044 2195 guished
1065 2155 1153 2185 from
1181 2154 1282 2196 study
1303 2154 1371 2184 and
1398 2155 1553 2194 training.

899 2208 1036 2230 ——cum
1050 2199 1208 2230 Graecia
1227 2221 1234 2228 .
1254 2221 1261 2228 .
1281 2222 1287 2228 .
1306 2198 1552 2229 conferenda:

900 2253 942 2273 an
961 2243 1116 2282 example
1133 2242 1170 2272 of
1191 2243 1391 2281 comparatio
1407 2246 1554 2281 compen-

899 2288 1020 2317 diaria.
1068 2287 1142 2316 The
1175 2286 1244 2316 real
1275 2285 1489 2325 comparison
1514 2285 1552 2321 is,

899 2331 936 2360 of
960 2340 1090 2365 course,
1108 2334 1168 2360 not
1194 2329 1270 2360 with
1298 2329 1425 2360 Greece
1449 2328 1551 2364 itself,

900 2374 959 2404 but
978 2374 1057 2404 with
1077 2373 1132 2403 the
1150 2373 1418 2403 characteristics
1436 2372 1473 2402 of
1496 2372 1553 2402 the

902 2417 1088 2447 Greeks.—-
1098 2417 1266 2458 gravitas
1277 2439 1284 2447 .
1299 2439 1306 2446 .
1321 2439 1327 2446 .
1342 2417 1478 2447 virtus:
1495 2415 1553 2446 the
