1669 2698
136 980 172 1009 11

207 143 254 171 12
606 139 656 170 M.
687 139 840 170 TVLLI
878 139 1168 173 CICERONIS

202 272 394 298 summus
432 258 501 299 ille
535 260 639 300 caeli
675 260 855 300 stellifer
892 274 1056 309 cursus,
1092 262 1214 302 cuius
1252 264 1474 304 conversio
1507 272 1572 306 est

202 329 465 378 concitatior,
492 338 619 371 acuto
653 338 693 372 et
730 331 915 372 excitato
946 339 1144 373 movetur
1174 347 1289 383 sono,
1322 336 1573 388 gravissimo

199 408 342 440 autem
386 401 454 441 hic
498 402 657 442 lunaris
701 410 829 454 atque
874 402 1058 444 infirnus.
1124 404 1236 444 Nam
1280 412 1406 455 terra,
1445 420 1571 456 nona,

200 471 428 512 immobilis
471 486 651 513 manens
691 487 774 513 una
813 474 914 514 sede
954 488 1120 526 semper
1162 476 1309 517 haeret
1354 478 1573 530 complexa

199 544 386 583 medium
418 544 566 583 mundi
595 544 748 585 locum.
816 544 883 584 Illi
914 552 1059 585 autem
1091 554 1189 587 octo
1221 561 1383 597 cursus,
1417 548 1458 588 in
1488 550 1574 602 qui-

200 614 280 654 bus
313 615 461 654 eadem
489 615 552 654 vis
586 622 651 655 est
686 616 880 664 duorum,
919 623 1085 668 septem
1120 618 1308 659 efficiunt
1345 619 1573 660 distinctos

201 685 433 725 intervallis
457 699 597 734 sonos,
622 686 695 739 qui
718 700 923 727 numerus
948 701 1090 728 rerum
1109 689 1297 729 omnium
1321 690 1412 731 fere
1434 692 1572 731 nodus

200 763 287 804 est;
319 757 432 808 quod
468 758 582 797 docti
622 757 818 798 homines
852 758 994 798 nervis
1027 760 1181 800 imitati
1213 767 1343 813 atque
1376 762 1573 802 cantibus

198 835 458 880 aperuerunt
499 828 579 868 sibi
616 828 801 869 reditum
838 830 879 869 in
916 831 1031 871 hunc
1066 831 1219 880 locum,
1256 833 1365 873 sicut
1399 832 1467 873 alii
1502 833 1573 886 qui

200 899 518 951 praestantibus
566 900 748 953 ingeniis
797 902 838 940 in
882 901 969 942 vita
1018 902 1204 942 humana
1246 903 1386 944 divina
1433 905 1573 944 studia

200 971 435 1011 coluerunt.
504 972 602 1012 Hoc
630 973 774 1012 sonitu
802 972 1000 1025 oppletae
1026 987 1150 1014 aures
1179 975 1397 1015 hominurn
1429 976 1573 1016 obsur-

200 1043 412 1091 duerunt3
446 1056 526 1083 nec
562 1050 626 1084 est
660 1043 771 1084 ullus
806 1044 1000 1085 hebetior
1035 1059 1188 1086 sensus
1225 1046 1265 1085 in
1301 1047 1434 1094 vobis,
1462 1047 1571 1087 sieut

200 1113 273 1153 ubi
302 1114 426 1154 Nilus
457 1115 509 1154 ad
540 1114 609 1154 illa
638 1129 748 1167 quae
773 1116 997 1168 Catadupa
1024 1118 1300 1157 nominantur
1322 1117 1572 1170 praecipitat

201 1199 251 1225 ex
283 1185 504 1225 altissimis
540 1187 772 1234 montibus,
812 1201 861 1227 ea
897 1201 1004 1240 gens
1040 1202 1148 1240 quae
1184 1188 1299 1228 illum
1332 1188 1473 1229 locum
1507 1202 1572 1229 ac-

201 1257 299 1297 colit
322 1264 497 1309 propter
514 1258 856 1311 magnitudinem
881 1258 1048 1299 sonitus
1072 1273 1201 1300 sensu
1223 1259 1424 1301 audiendi
1442 1267 1569 1301 caret.

200 1417 428 1438 —summus
454 1430 462 1438 .
489 1430 497 1438 .
524 1430 532 1438 .
557 1416 713 1439 cursus:
739 1406 852 1448 hypal-
922 1408 1088 1447 —qu0d‚
1107 1408 1178 1437 and
1193 1408 1268 1443 this,
1286 1408 1338 1438 ie.
1358 1407 1414 1438 the
1432 1407 1573 1439 method

200 1451 295 1490 lage;
321 1462 367 1481 we
386 1452 509 1481 should
527 1457 647 1491 expect
664 1452 723 1481 ille
735 1462 853 1481 cursus

200 1496 326 1524 summi
355 1497 438 1526 caeli
473 1496 630 1536 stelliferi
641 1506 653 1531 ,·
694 1495 852 1525 stellifer

200 1540 398 1580 apparently
429 1539 537 1569 found
569 1540 602 1569 in
629 1539 748 1569 Cicero
773 1539 852 1580 only

201 1583 298 1618 here;
326 1593 500 1614 summus
519 1606 526 1613 .
547 1606 554 1613 .
574 1606 582 1613 .
602 1584 765 1617 infimus,
786 1583 852 1612 chi-

200 1637 325 1657 asmus.
335 1646 376 1649 —
386 1627 559 1664 excitato,
571 1628 678 1667 quiz-k,
690 1627 802 1666 lively.
811 1645 853 1649 ——

201 1676 299 1701 terra
321 1695 328 1701 .
348 1694 355 1701 .
376 1694 383 1701 .
408 1671 630 1702 immobilis:
656 1673 676 1701 i.
688 1682 713 1701 e.
731 1671 853 1710 produ-

201 1715 278 1754 cing
297 1725 339 1745 no
353 1715 620 1746 sound.—octo
634 1724 768 1746 cursus
788 1738 796 1744 .
816 1738 823 1745 .
843 1737 851 1745 .

201 1759 378 1789 duorum:
396 1761 416 1789 i.
429 1770 454 1789 e.
474 1760 629 1800 Mercury
642 1758 710 1789 and
725 1759 853 1794 Venus,

201 1803 373 1842 supposed
395 1809 429 1833 to
450 1813 548 1833 move
573 1803 652 1833 with
678 1802 735 1833 the
759 1812 853 1833 same

201 1847 354 1887 velocity,
373 1847 520 1886 produce
538 1847 595 1877 the
617 1856 710 1877 same
729 1846 851 1876 sound.

200 1909 243 1912 —
257 1896 403 1930 septem
424 1914 431 1920 .
451 1914 459 1920 .
479 1914 486 1920 .
506 1900 640 1921 sonos:
666 1890 724 1921 the
749 1900 853 1920 seven

202 1940 300 1964 notes
323 1935 358 1964 of
383 1935 439 1964 the
463 1935 601 1965 musical
624 1934 853 1974 scale—qui

201 1987 382 2009 numerus
412 2001 419 2008 .
451 2001 458 2008 .
489 2001 496 2008 .
526 1979 647 2009 nodus
681 1983 758 2009 est:
795 1988 853 2008 see

200 2033 341 2061 quaram
384 2045 390 2051 .
431 2045 437 2051 .
478 2047 484 2051 .
518 2023 649 2061 plenus,
682 2032 700 2060 4
726 2032 770 2059 n;
810 2021 852 2052 cf.

204 2065 353 2095 Macrob.
377 2067 464 2095 Sem.
483 2067 569 2104 Scip.
594 2066 620 2095 Ι.
642 2065 671 2096 6.
689 2075 728 2106 34
751 2076 854 2105 neque

195 2110 374 2148 planitiem
398 2111 466 2139 sine
486 2111 592 2139 trihus
617 2120 720 2149 neque
743 2110 852 2139 solidi-

201 2158 296 2182 tatem
326 2154 395 2183 sine
422 2158 580 2193 quattuor
600 2159 693 2193 posse
717 2154 851 2183 vinciri.

202 2198 296 2235 Ergo
325 2199 532 2235 septenarius
564 2208 726 2227 numerus
752 2197 853 2236 gemi-

204 2251 280 2270 nam
314 2242 380 2271 vim
414 2242 535 2270 obtinet
564 2242 743 2275 vinciendi,
771 2241 851 2280 quia

202 2285 314 2314 amhae
335 2289 450 2323 partes
477 2286 546 2314 eius
573 2285 708 2314 vincula
736 2286 852 2322 prima

202 2329 335 2358 sortitae
351 2333 453 2361 surzt:
480 2328 512 2357 in
538 2328 632 2367 place
658 2327 694 2357 of
718 2328 852 2362 nodus,

203 2371 295 2405 hond,
315 2372 371 2401 the
391 2371 531 2408 English
551 2371 728 2410 metaphor
742 2370 853 2400 would

204 2413 245 2444 be
261 2415 346 2444 “the
362 2415 423 2455 key
435 2414 471 2444 of
485 2415 608 2445 almost
623 2413 854 2455 everything.''

922 1451 959 1481 of
980 1451 1169 1490 producing
1189 1452 1326 1482 musical
1347 1451 1574 1493 harmony.—

921 1495 1066 1525 nervis:
1087 1495 1143 1524 the
1160 1495 1388 1534 heptachord;
1413 1496 1455 1525 cf.
1474 1497 1572 1536 Verg.

921 1540 1008 1568 Aen.
1034 1540 1094 1568 VI.
1113 1538 1186 1576 646,
1211 1538 1504 1577 647.—imitati:
1530 1539 1572 1569 cf.

923 1583 1042 1620 Quint.
1071 1583 1098 1612 I.
1125 1592 1172 1612 10.
1202 1592 1237 1612 12
1266 1594 1340 1613 cum
1367 1584 1573 1623 lijstlzagoras

921 1630 1019 1666 atque
1057 1637 1129 1656 enm
1170 1628 1270 1657 secuti
1305 1632 1466 1666 acceptam
1502 1628 1574 1656 sine

923 1670 1019 1700 dnbio
1043 1671 1231 1710 antiquitus
1252 1671 1435 1709 opinionem
1462 1671 1572 1709 vulga-

922 1715 1044 1749 verint,
1058 1715 1222 1744 mmtdum
1241 1715 1348 1753 ipsum
1367 1715 1494 1744 ratione
1508 1725 1574 1744 esse

921 1759 1146 1797 compositum,
1173 1768 1272 1797 quam
1293 1762 1406 1796 postea
1430 1758 1474 1787 sit
1498 1758 1572 1797 lyra

922 1802 1061 1832 imitata.
1070 1819 1112 1822 —
1121 1801 1158 1831 in
1166 1802 1265 1831 hunc
1278 1801 1401 1832 locum
1413 1810 1420 1831 ε
1432 1801 1573 1832 heaven.

925 1844 1053 1875 —vita
1072 1867 1079 1874 .
1099 1867 1106 1874 .
1126 1867 1134 1874 .
1153 1845 1298 1876 studia:
1316 1845 1505 1882 chiasmus;
1530 1845 1572 1875 cf.

921 1888 941 1919 8
959 1900 995 1919 ea
1008 1889 1075 1919 vita
1090 1889 1144 1918 via
1163 1911 1169 1917 .
1188 1911 1194 1917 .
1214 1912 1220 1917 .
1237 1889 1362 1918 caelum
1377 1898 1390 1924 ,·
1415 1898 1451 1919 as
1465 1889 1572 1919 music

922 1932 990 1963 had
1017 1932 1061 1963 its
1090 1932 1197 1972 origin
1224 1932 1257 1962 in
1283 1932 1424 1968 heaven,
1451 1942 1490 1962 so
1516 1931 1573 1962 the

922 1976 1055 2007 noblest
1089 1976 1216 2006 virtues
1248 1975 1317 2005 and
1349 1975 1461 2005 divine
1500 1985 1573 2015 pur-

921 2021 1008 2051 suits
1028 2030 1124 2051 came
1143 2020 1231 2050 from
1251 2019 1368 2050 above.
1416 2019 1466 2060 By
1483 2019 1575 2050 culti-

923 2065 1039 2104 vating
1063 2064 1168 2099 these,
1187 2073 1263 2093 men
1285 2073 1361 2104 may
1380 2072 1497 2093 secure
1519 2062 1574 2093 for

922 2109 1128 2138 themselves
1141 2118 1160 2137 a
1173 2112 1286 2138 return
1301 2112 1336 2137 to
1350 2106 1437 2137 their
1449 2106 1574 2137 former

921 2152 1070 2182 celestial
1088 2151 1208 2181 abode.

967 2196 1020 2225 11.
1053 2197 1124 2226 hoc
1146 2195 1292 2226 sonitu:
1311 2195 1330 2224 i.
1340 2205 1365 2224 e.
1387 2194 1445 2224 the
1465 2193 1572 2224 music

922 2239 959 2269 of
986 2239 1043 2269 the
1071 2238 1504 2278 spheres.—-Catadupa:
1531 2238 1573 2267 τὰ

923 2284 1141 2319 Κατάδουπας
1178 2283 1235 2312 the
1261 2282 1451 2312 celebrated
1484 2286 1573 2311 cata-

922 2331 1010 2356 racts
1050 2326 1087 2356 of
1126 2326 1183 2356 the
1223 2326 1309 2361 Nile,
1346 2335 1426 2355 near
1464 2325 1573 2366 Syene

923 2370 1078 2409 (modern
1090 2369 1321 2409 Assouan).—
1332 2378 1375 2399 ea
1387 2377 1500 2409 gens:
1516 2368 1573 2398 the

922 2413 1102 2453 Catadupi.
1118 2422 1289 2443 —sensu
1315 2435 1321 2442 .
1345 2435 1352 2442 .
1375 2435 1382 2442 .
1404 2417 1526 2442 caret:
1552 2421 1572 2441 a
