1669 2698
184 126 235 168 54
588 119 636 153 M.
669 120 821 153 TVLLI
856 119 1146 153 CICERONIS

179 257 258 284 nec
290 243 454 284 secerni
485 256 565 283 nec
595 242 722 283 dividi
752 256 831 282 nec
862 242 1044 294 discerpi
1076 256 1153 283 nec
1186 242 1363 283 distrahi
1393 251 1549 296 potest,

180 329 234 355 ne
278 314 449 355 interire
493 315 665 366 quidem
711 314 850 366 igitur.
922 315 999 354 Est
1046 313 1158 354 0111111
1198 315 1397 354 interitus
1433 316 1552 368 quasi

180 387 395 426 discessus
426 393 467 426 et
501 385 682 425 secretio
710 398 758 425 ac
786 385 1023 437 diremptus
1055 399 1198 425 earum
1229 386 1413 438 partium
1445 400 1553 439 quae

179 464 281 498 ante
314 457 533 497 interitum
568 457 783 496 iunctione
816 457 955 509 aliqua
989 457 1260 498 tenebantur.

244 530 326 568 His
349 535 390 568 et
415 528 572 568 talibus
595 527 830 568 rationibus
853 528 1065 567 adductus
1093 529 1292 569 Socrates
1315 542 1394 569 nec
1417 536 1553 581 patro-

181 614 283 640 num
314 599 522 652 quaesivit
552 600 603 639 ad
636 598 835 638 iudicium
868 599 1017 650 capitis
1042 613 1121 639 1100
1145 599 1352 640 iudicibus
1377 601 1554 653 supplex

183 671 261 711 fuit
303 670 581 722 adhibuitque
627 671 800 710 liberam
848 672 1159 710 contumaciam
1197 685 1221 710 a
1260 671 1555 724 magnitudine

183 742 311 783 animi
342 744 527 789 ductam,
554 756 639 781 non
670 756 693 781 a
718 741 929 793 superbia,
954 749 994 782 et
1033 756 1231 794 supremo
1265 743 1376 783 vitae
1406 743 1474 783 die
1503 744 1556 783 (10

184 816 265 854 1100
288 815 380 865 ipso
402 814 537 853 multa
561 814 759 853 disseruit
786 821 827 853 et
846 815 992 865 paucis
1012 821 1112 854 ante
1131 815 1289 861 diebus,
1313 828 1407 854 cum
1432 814 1556 854 facile

184 892 329 937 posset
350 886 472 925 educi
490 898 513 925 e
531 884 734 931 custodia,
759 885 891 924 noluit
918 892 959 924 et
984 892 1074 924 tum
1100 898 1235 936 paene
1258 885 1299 924 in
1323 900 1450 926 manu
1475 887 1555 926 iarn

185 956 453 996 mortiferum
485 956 586 996 illud
616 962 770 995 tenens
801 956 1000 1007 poculum
1033 957 1200 995 locutus
1225 956 1281 996 ita
1305 964 1369 997 est
1399 964 1444 997 ut
1472 971 1557 997 non

186 1029 237 1068 ad
269 1034 450 1067 mortem
480 1027 603 1074 trudi,
630 1041 776 1066 verum
805 1027 846 1066 in
877 1027 1038 1066 caelum
1068 1028 1283 1067 videretur
1314 1029 1557 1068 escendere.

121 1087 166 1160 ‘733
190 1100 253 1139 Ita
278 1100 389 1138 0111111
419 1099 621 1138 censebat
652 1098 795 1150 itaque
822 1097 1036 1145 disseruit,
1058 1099 1161 1138 duas
1192 1112 1286 1138 esse
1313 1099 1401 1139 vias
1429 1100 1560 1151 dupli-

189 1184 346 1221 cesque
374 1183 524 1209 cursus
550 1170 789 1208 animorum
820 1183 843 1209 e
870 1182 1046 1221 corpore
1071 1171 1378 1210 excedentium.
1447 1171 1559 1210 Narn

188 1241 259 1293 qui
288 1254 334 1281 se
363 1240 561 1280 humanis
584 1240 697 1280 vitiis
725 1240 1131 1280 contaminavissent
1159 1247 1199 1280 et
1224 1254 1269 1281 se
1293 1248 1407 1281 totos
1431 1241 1563 1281 libidi-

189 1312 313 1352 nibus
332 1312 562 1359 dedissent,
585 1312 738 1364 quibus
760 1311 919 1352 caecati
942 1312 1008 1351 vel
1032 1312 1277 1352 domesticis
1297 1312 1410 1353 vitiis
1432 1319 1562 1365 atque

190 1383 360 1436 flagitiis
397 1397 441 1424 se
475 1383 811 1435 inquinavissent
848 1383 912 1423 vel
947 1396 992 1422 re
1026 1383 1194 1435 publica
1227 1384 1421 1424 violanda
1454 1384 1565 1424 frau-

189 1456 265 1495 des
299 1454 574 1506 inexpiabiles
605 1454 919 1506 concepissent,
951 1454 1000 1494 iis
1033 1454 1203 1494 devium
1237 1456 1449 1507 quoddam
1484 1455 1564 1495 iter

191 1540 298 1573 esse,
318 1526 533 1565 seclusum
557 1539 581 1565 a
605 1526 781 1565 concilio
806 1527 982 1566 deorum
1002 1539 1010 1574 ;
1044 1526 1115 1578 qui
1136 1532 1279 1565 autern
1305 1540 1351 1565 se
1373 1527 1564 1578 integros

191 1653 464 1682 etc—secerni
492 1675 499 1682 .
530 1675 537 1682 .
568 1675 575 1682 .
603 1652 727 1686 dividi,
760 1657 842 1682 etc.·.
911 1651 1169 1682 soul.—educi
1196 1661 1214 1681 e
1240 1652 1433 1682 custodia:
1460 1652 1564 1687 Crito,

192 1695 457 1735 corresponding
475 1702 509 1725 to
528 1696 738 1726 admixtum
766 1719 772 1725 .
801 1719 806 1725 .
835 1719 842 1725 .

193 1745 420 1775 concretum,
469 1745 531 1769 etc.
550 1759 591 1761 —
608 1740 818 1779 diremptus
835 1749 841 1768 :

193 1784 388 1824 apparently
428 1783 537 1813 found
580 1784 660 1824 only
699 1783 733 1813 in
777 1783 843 1813 this

193 1828 565 1867 place—patronum,
583 1828 843 1857 advocata—ad

194 1871 372 1902 iudicium
403 1871 548 1911 capitis,
574 1872 669 1901 when
696 1882 736 1900 072
762 1872 845 1901 trial

192 1916 256 1955 for
277 1915 329 1944 llis
349 1915 417 1955 [ψ
468 1915 624 1945 Socrates
650 1914 785 1944 refused
810 1919 844 1944 to

193 1969 253 1989 use
268 1959 300 1988 in
318 1958 370 1988 his
384 1969 458 1988 own
475 1958 614 1988 defense
633 1958 688 1988 the
705 1958 844 1988 address

195 2002 301 2032 which
326 2002 381 2031 the
402 2008 517 2032 orator
544 2002 660 2043 Lysias
686 2001 753 2032 had
777 2011 846 2041 pre-

194 2045 298 2085 pared
319 2046 372 2075 for
394 2046 486 2082 him;
515 2046 556 2075 cf.
578 2046 616 2075 de
641 2046 698 2076 Or.
724 2046 749 2075 I.
774 2054 843 2085 231.

194 2090 492 2130 —adhibuitque
507 2099 513 2119 :
538 2099 627 2129 -que
646 2089 673 2119 is
691 2089 846 2119 adversa-

196 2133 262 2164 tive
291 2134 324 2163 in
352 2135 456 2169 force,
482 2134 561 2167 but:
596 2138 627 2163 et
653 2132 718 2162 and
749 2139 847 2173 atque

196 2187 251 2207 are
274 2177 368 2207 often
396 2177 477 2207 used
503 2177 535 2207 in
562 2177 618 2207 the
644 2186 738 2207 same
763 2187 845 2218 way,

196 2221 374 2262 especially
399 2221 495 2251 when
521 2231 540 2251 a
564 2220 708 2260 positive
733 2220 846 2250 clause

196 2265 329 2295 follows
373 2274 392 2294 a
433 2265 597 2303 negative,
630 2274 666 2294 as
706 2264 739 2294 in
779 2264 846 2294 this

195 2309 360 2338 instance.
378 2326 419 2330 —-
437 2308 737 2338 contumaciam:
766 2307 847 2337 used

198 2352 275 2382 here
300 2353 333 2382 in
359 2362 378 2381 a
401 2351 492 2391 good
521 2361 628 2381 sense.
646 2371 689 2373 —
706 2352 750 2381 de
776 2352 847 2381 hoc

198 2395 301 2435 ipso:
334 2397 381 2425 ἵζε.
407 2395 464 2426 1110
488 2395 707 2436 immortality
731 2394 768 2425 of
792 2395 847 2425 the

911 1706 931 1725 a
945 1695 1013 1725 rich
1030 1695 1213 1729 Athenian,
1226 1695 1334 1726 friend
1349 1696 1415 1726 and
1427 1695 1566 1736 disciple

912 1739 949 1768 of
982 1739 1149 1774 Socrates,
1180 1739 1278 1769 made
1310 1745 1565 1779 arrangements

912 1783 966 1812 for
983 1783 1050 1812 him
1070 1789 1104 1812 to
1122 1792 1242 1822 escape
1260 1783 1347 1812 from
1365 1783 1490 1823 prison,
1505 1783 1565 1813 but

915 1826 1072 1856 Socrates
1091 1826 1222 1856 refused
1240 1832 1274 1856 to
1293 1836 1373 1856 save
1390 1827 1441 1856 his
1458 1826 1515 1857 life
1532 1827 1565 1856 in

915 1870 981 1900 this
1006 1880 1089 1911 way.
1137 1870 1210 1900 The
1239 1871 1330 1900 Crito
1354 1870 1390 1900 of
1418 1871 1513 1900 Plato
1539 1871 1566 1900 is

914 1913 1019 1944 based
1039 1924 1129 1953 upon
1150 1914 1213 1944 this
1231 1913 1389 1944 incident.

958 1958 1014 1992 30.
1044 1956 1095 1988 72.
1119 1958 1168 1988 ita
1185 1958 1283 1988 enim
1297 1981 1304 1988 .
1321 1981 1328 1988 .
1343 1981 1350 1988 .
1365 1958 1565 1988 disseruit:

916 2001 972 2031 the
994 2001 1168 2040 following
1188 2002 1325 2042 sayings
1348 2001 1386 2031 of
1409 2002 1566 2032 Socrates

914 2055 970 2075 are
1007 2045 1110 2074 taken
1147 2045 1235 2075 from
1276 2045 1332 2075 the
1364 2046 1499 2075 Phaedo
1531 2045 1568 2074 of

917 2089 1025 2125 Plato,
1051 2099 1081 2128 p.
1108 2088 1148 2118 So
1173 2089 1207 2118 ff.
1257 2089 1296 2118 In
1324 2089 1391 2119 this
1423 2099 1566 2128 passage

916 2133 1035 2163 Cicero
1067 2133 1201 2163 follows
1234 2133 1291 2163 the
1324 2133 1463 2172 original
1490 2143 1567 2173 very

915 2177 1356 2216 closely—domesticis:
1381 2178 1429 2206 i.e.
1450 2176 1484 2206 in
1506 2176 1569 2216 pri-

916 2225 992 2249 vate
1023 2220 1089 2255 life,
1118 2220 1152 2250 in
1181 2220 1379 2250 distinction
1411 2220 1499 2250 from
1529 2229 1566 2250 re

916 2264 1294 2304 publica.—fraudes
1325 2286 1332 2293 .
1363 2287 1370 2294 .
1399 2287 1406 2294 .
1437 2272 1568 2294 conce-

916 2308 1072 2347 pissent,
1091 2308 1160 2337 had
1174 2308 1246 2337 been
1264 2308 1374 2347 guilty
1391 2308 1432 2348 of
1446 2312 1568 2346 unpar-

915 2352 1052 2381 donable
1062 2351 1398 2381 crimes—devium
1418 2374 1425 2380 .
1445 2374 1452 2380 .
1473 2374 1480 2380 .
1499 2351 1569 2381 iter

918 2404 1024 2425 esse:
1050 2394 1091 2425 cf.
1111 2396 1199 2424 Sem.
1217 2395 1302 2433 Sczj).
1323 2403 1358 2424 21
1379 2394 1569 2434 corporibus
