1674 2698
300 142 736 176 TVSCVLANARVM
778 141 1228 173 l)151¹x''13x'1’1‹›Nx'M
1267 141 1274 172 Ι
1421 147 1474 187 73

104 266 225 306 Lusit
256 265 316 305 vir
344 264 543 317 egregius
572 270 764 304 extremo
792 262 957 315 spiritu,
985 276 1079 301 cum
1111 262 1189 302 iam
1221 262 1478 314 praecordiis

101 344 352 390 conceptam
382 343 564 375 mortem
594 334 849 382 contineret,
879 348 1063 386 vereque
1090 333 1138 380 ei,
1171 335 1236 373 cui
1267 348 1476 374 venenum

100 409 381 462 praebiberat,
428 414 610 447 mortem
662 419 754 445 eam
805 413 869 446 est
914 412 1151 457 auguratus
1201 419 1311 457 quae
1360 405 1477 445 brevi

506 478 615 531 Quis
646 479 758 518 hanc
788 478 958 517 maximi
986 476 1117 517 animi
1145 477 1404 529 aequitatem
1437 477 1476 516 in

1349 548 1476 588 Vadit

99 624 212 665 enim
244 625 284 663 in
315 624 497 663 eundem
528 635 742 662 carcerem
774 628 903 673 atque
933 620 973 659 in
1004 622 1187 661 eundem
1212 621 1358 672 paucis
1382 628 1478 672 post

100 488 332 522 consecuta
361 486 438 520 est.

100 554 191 605 ipsa
209 558 347 592 morte
371 551 576 598 laudaret,
599 550 633 589 si
658 556 840 589 mortem
868 549 1024 588 malum
1052 548 1256 588 iudicaret
1276 549 1289 587 ?

100 696 222 737 annis
266 695 475 750 scyphum
517 694 720 734 Socrates
764 693 913 733 eodem
955 693 1116 732 scelere
1155 691 1354 739 iudicum,
1395 706 1479 743 quo

99 776 380 822 tyrannorum
419 767 722 806 Theramenes.
799 765 922 817 Quae
955 771 1021 804 est
1058 763 1186 816 igitur
1220 763 1310 803 eius
1345 763 1479 802 oratio

99 853 182 892 qua
229 839 332 878 facit
376 851 474 878 eum
519 837 639 877 Plato
683 850 807 876 usum
853 836 965 887 apud
1010 835 1171 875 iudices
1216 834 1295 874 iam
1341 842 1479 875 morte

100 911 328 950 multatum
347 910 360 949 ?

161 983 349 1034 ‘Magna
387 982 478 1021 rne’
514 979 649 1032 inquit
689 988 811 1031 ‘spes
849 986 982 1026 tenet,
1020 978 1192 1026 iudices,
1228 978 1337 1017 bene
1376 978 1475 1016 mihi

101 1054 282 1101 evenire,
323 1053 436 1105 quod
475 1051 621 1091 mittar
667 1052 717 1091 ad
757 1057 953 1090 mortem.
1026 1050 1220 1090 Necesse
1258 1057 1322 1089 est
1363 1049 1475 1088 enim

101 1126 153 1165 sit
192 1125 374 1165 alterum
414 1125 467 1164 de
502 1123 680 1170 duobus,
724 1129 769 1162 ut
809 1119 881 1162 aut
923 1135 1076 1161 sensus
1116 1120 1289 1160 omnino
1327 1134 1477 1160 omnes

101 1210 216 1236 mors
246 1196 413 1236 auferat
441 1201 514 1234 aut
548 1194 588 1233 in
620 1193 748 1234 alium
780 1194 993 1246 quendam
1026 1193 1166 1232 locum
1198 1207 1249 1232 ex
1280 1191 1345 1231 his
1374 1191 1478 1231 locis

100 1275 238 1308 morte
257 1268 475 1320 migretur.
535 1267 675 1319 Quam
702 1265 756 1305 ob
780 1279 880 1313 rem,
904 1266 992 1305 sive
1013 1278 1166 1304 sensus
1189 1261 1477 1315 exstinguitur

101 1353 302 1392 morsque
333 1338 371 1378 ei
401 1352 552 1378 somno
582 1336 731 1377 similis
763 1343 827 1377 est
863 1336 934 1389 qui
966 1350 1050 1376 non
1082 1349 1316 1388 numquam
1349 1335 1476 1374 etiam

102 1412 194 1451 sine
226 1410 328 1450 visis
363 1409 626 1449 somniorum
660 1407 993 1461 placatissimam
1029 1408 1217 1460 quietem
1249 1407 1401 1454 adfert,
1437 1407 1477 1446 di

101 1482 214 1530 boni,
238 1481 339 1534 quid
363 1480 469 1520 lucri
497 1487 562 1520 est
592 1479 749 1520 emori!
784 1486 856 1519 aut
882 1493 1008 1532 quam
1037 1478 1160 1518 multi
1187 1478 1278 1519 dies
1306 1477 1478 1530 reperiri

101 1560 282 1606 possunt
311 1552 382 1605 qui
410 1551 483 1592 tali
512 1551 627 1591 nocti
656 1557 986 1602 anteponantur,
1013 1551 1080 1590 cui
1104 1551 1137 1590 si
1163 1549 1310 1590 similis
1334 1550 1480 1589 futura

102 1632 166 1665 est
202 1623 468 1676 perpetuitas
504 1622 643 1662 omnis
680 1622 985 1674 consequentis
1022 1622 1241 1674 temporis,
1277 1620 1371 1673 quis
1410 1634 1479 1660 me

102 1695 296 1736 beatior?
353 1695 427 1735 Sin
452 1707 551 1734 vera
575 1701 675 1733 sunt
700 1707 808 1746 quae
827 1692 1040 1740 dicuntur,
1061 1692 1358 1745 migrationem
1383 1705 1479 1732 esse

101 1774 284 1808 mortem
307 1767 349 1806 in
374 1780 444 1807 eas
468 1779 562 1805 oras
585 1779 703 1818 quas,
724 1765 795 1818 qui
814 1778 837 1805 e
856 1765 942 1804 vita
961 1771 1252 1812 excesserunt,
1272 1764 1477 1810 incolunt,

99 1904 135 1930 to
153 1900 209 1930 the
228 1909 292 1929 one
310 1904 345 1929 to
363 1898 477 1929 whose
495 1897 611 1928 health
630 1897 672 1928 he
690 1897 757 1928 had
871 1897 924 1932 41,
959 1907 1018 1927 me
1039 1921 1046 1927 .
1067 1921 1074 1927 .
1095 1920 1102 1927 .
1121 1906 1210 1937 spes
1225 1902 1350 1927 tenet:
1368 1896 1480 1936 equiv-

100 1943 170 1984 just
202 1943 324 1972 drunk.
343 1961 385 1964 —
402 1942 663 1982 praebiberat:
704 1942 757 1971 for

100 1988 347 2027 propinaverat
366 1997 376 2019 ,·
417 1986 450 2015 in
489 1986 609 2015 Cicero
647 1985 757 2015 found

100 2031 181 2072 only
193 2031 281 2060 here.
291 2049 333 2052 —
342 2030 446 2061 brevi
459 2034 666 2060 consecuta
679 2035 755 2060 est:

101 2074 228 2105 Critias
250 2083 319 2104 was
344 2073 503 2104 defeated
528 2073 595 2104 and
617 2073 701 2103 slain
724 2073 757 2103 in

101 2118 159 2149 the
183 2118 357 2157 following
380 2127 468 2158 year,
494 2126 557 2158 403
583 2125 656 2152 ΒΩ,
680 2117 713 2147 in
739 2127 759 2147 a

101 2162 207 2193 battle
238 2161 390 2192 between
415 2161 472 2191 the
497 2161 608 2191 forces
633 2161 670 2191 of
701 2161 758 2191 the

101 2206 222 2247 Thirty
239 2205 387 2247 Tyrants
410 2204 477 2235 and
499 2205 556 2234 the
579 2204 758 2235 liberators

101 2249 210 2280 under
227 2248 472 2290 Thrasybulus.

145 2293 200 2325 97.
233 2293 337 2323 vadit
367 2292 468 2323 enim
498 2292 556 2322 in:
589 2301 646 2322 see
675 2292 757 2322 Crit.

102 2337 294 2377 App.—in
319 2360 327 2366 .
353 2359 360 2366 .
385 2359 392 2365 .
416 2336 466 2372 in,
488 2337 556 2365 into
579 2359 585 2364 .
610 2359 616 2365 .
639 2359 645 2364 .
668 2340 759 2366 to.—

101 2381 234 2420 paucis
255 2404 262 2410 .
283 2403 290 2410 .
311 2403 318 2410 .
340 2381 540 2411 Socrates:
564 2387 626 2419 399
641 2387 759 2408 Bc.—

103 2424 232 2455 Plato:
258 2433 303 2454 sc.
325 2423 358 2453 in
378 2423 435 2453 the
453 2423 611 2462 Apology‚
625 2422 676 2453 ch.
695 2431 746 2463 32.

826 1942 917 1971 alent
947 1947 981 1971 to
1010 1942 1114 1977 credo,
1140 1942 1164 1971 l
1187 1942 1313 1976 believe,
1343 1941 1409 1970 and
1440 1950 1479 1969 so

825 1985 985 2015 followed
1009 1985 1052 2026 by
1075 1985 1132 2015 the
1154 1991 1291 2025 present
1315 1984 1480 2014 infinitive

827 2039 990 2060 evenire.
1010 2048 1051 2051 -—
1069 2038 1150 2059 Sine
1188 2038 1282 2059 Vlsls
1316 2037 1481 2058 somnio-

826 2083 921 2110 rum,
942 2074 1084 2104 without
1102 2074 1235 2103 dreams
1253 2073 1326 2102 and
1344 2073 1479 2102 visians.

826 2117 1114 2157 ——perpetuitas
1139 2117 1264 2147 omnis
1289 2139 1297 2146 .
1322 2139 1330 2146 .
1355 2139 1362 2145 .
1386 2121 1479 2146 tem-

826 2161 939 2201 poris,
957 2162 1009 2190 all
1023 2162 1156 2200 ceuling
1175 2162 1261 2190 time.

871 2204 926 2235 98.
960 2205 1018 2235 sin
1050 2214 1140 2234 vera
1173 2209 1282 2235 sunt:
1323 2203 1480 2233 anacolu-

827 2248 933 2285 thon;
959 2247 1226 2287 corresponding
1244 2253 1278 2277 to
1297 2247 1377 2277 Sive
1397 2256 1481 2277 sen-

827 2302 904 2327 sus,
934 2298 1008 2327 etc.‚
1037 2300 1076 2331 97
1093 2303 1099 2329 ;
1132 2302 1180 2322 we
1208 2290 1334 2321 should
1361 2295 1481 2330 expect

826 2336 933 2366 either
948 2337 1016 2365 sive
1032 2336 1202 2375 migratur
1222 2339 1324 2364 morte
1340 2336 1387 2370 in,
1405 2339 1479 2370 etc.‚

826 2389 864 2409 or
880 2381 948 2408 sive
963 2380 1120 2418 migratio
1136 2383 1183 2408 est
1198 2389 1287 2408 mors
1303 2379 1351 2413 in,
1365 2383 1427 2408 etc.
1439 2396 1482 2400 -

827 2422 1094 2463 migrationem
1122 2445 1128 2451 .
1157 2445 1164 2451 .
1192 2445 1198 2451 .
1225 2427 1385 2452 mortem
1401 2431 1409 2451 :
1438 2421 1480 2452 cf.

1505 487 1542 516 ti?

1504 982 1541 1016 ii

1503 1700 1545 1729 98
