1669 2698
180 141 202 176 ὅ
588 139 636 170 Μ.
669 138 821 170 TVLLI
855 136 1145 169 CICERONIS

1423 259 1549 299 Hanc

178 336 289 375 enim
324 334 561 387 perfectam
593 331 906 385 philosophiam
941 344 1111 382 semper
1140 330 1333 379 iudicavi,
1361 344 1470 383 quae
1498 331 1550 370 de

177 265 392 316 deponere
410 269 451 303 et
472 261 511 302 in
530 262 610 301 hac
629 261 787 301 maiore
807 267 846 301 et
867 260 1062 300 uberiore
1078 266 1170 299 arte
1189 258 1360 300 versari.

178 406 372 446 maximis
394 404 721 458 quaestionibus
750 402 922 455 copiose
952 409 1098 454 posset
1130 408 1366 454 ornateque
1395 401 1549 449 dicere,

178 478 218 517 in
244 491 370 530 quam
395 476 743 517 exercitationem
768 474 827 515 ita
849 488 927 514 nos
951 473 1144 514 studiose
1166 473 1361 514 dedimus
1385 479 1432 513 ut
1469 472 1549 513 iam

178 549 305 589 etiam
341 548 508 588 scholas
543 547 805 587 Graecorum
839 559 958 586 more
989 545 1146 585 habere
1179 545 1462 593 auderemus;
1503 550 1549 583 ut

177 634 313 672 nuper
344 626 466 659 tuum
501 625 597 671 post
631 618 869 658 discessum
904 616 945 656 in
979 616 1236 663 Tusculano,
1272 629 1369 655 cum
1404 621 1549 655 essent

178 692 418 743 complures
442 703 611 729 mecum
635 688 877 736 familiares,
899 687 1107 739 temptavi
1129 686 1229 739 quid
1255 686 1295 726 in
1320 700 1370 727 eo
1391 699 1550 739 genere

179 776 363 814 possem.
434 762 493 800 Vt
535 761 647 801 enim
693 766 822 800 antea
865 758 1190 800 declamitabam
1235 771 1397 805 causas,
1437 758 1550 809 quod

179 848 305 874 nemo
337 847 406 873 me
439 832 598 872 diutius
632 832 746 879 fecit,
783 832 842 871 sic
877 831 982 870 haec
1016 829 1120 869 mihi
1154 842 1268 869 nunc
1305 828 1449 869 senilis
1485 835 1549 868 est

177 904 442 945 declamatio,
510 904 674 944 Ponere
707 903 903 942 iubebam
928 903 982 942 de
1004 915 1088 954 quo
1112 902 1207 954 quis
1232 900 1378 940 audire
1400 900 1551 948 vellet;

177 978 230 1017 ad
258 976 299 1017 id
325 984 398 1016 aut
423 976 578 1016 sedens
600 982 673 1015 aut
697 975 920 1014 ambulans
944 973 1229 1026 disputabam.
1295 973 1446 1024 Itaque
1469 972 1551 1011 die-

178 1062 270 1087 rum
307 1049 495 1100 quinque
531 1047 710 1093 scholas,
750 1052 794 1085 ut
834 1045 987 1086 Graeci
1024 1044 1253 1097 appellant,
1291 1043 1332 1083 in
1372 1043 1550 1083 totidem

179 1120 308 1159 libros
341 1119 516 1159 contuli.
583 1118 733 1158 Fiebat
764 1124 908 1157 autem
938 1117 994 1156 ita
1023 1124 1083 1164 ut,
1113 1129 1209 1155 cum
1239 1115 1284 1163 is,
1309 1114 1381 1167 qui
1407 1115 1551 1154 audire

178 1191 320 1238 vellet,
346 1190 522 1230 dixisset
551 1190 651 1242 quid
681 1190 760 1228 sibi
782 1190 1010 1235 videretur,
1038 1194 1130 1227 tum
1161 1200 1240 1239 ego
1270 1192 1418 1226 contra
1446 1185 1554 1226 dice-

179 1276 281 1302 rem.
350 1263 471 1302 Haec
503 1268 567 1301 est
599 1260 725 1307 enim,
758 1266 803 1299 ut
840 1260 935 1307 scis,
963 1266 1088 1299 vetus
1120 1265 1159 1299 et
1198 1257 1414 1298 Socratica
1445 1257 1552 1296 ratio

180 1368 365 1396 illuxerint.
378 1374 500 1395 —nec
521 1388 528 1395 .
550 1387 558 1394 .
581 1387 589 1394 .
612 1369 660 1401 et,
680 1364 749 1393 both
777 1368 834 1394 not

181 1435 186 1440 .
206 1435 211 1440 .
230 1434 235 1439 .
253 1411 331 1445 and,
355 1420 374 1439 a
396 1419 554 1439 common
580 1408 763 1444 Latinism;
789 1407 830 1437 cf.

179 1455 217 1484 dc
233 1456 308 1484 San.
329 1461 363 1492 51
381 1465 387 1488 ;
404 1454 443 1483 de
462 1454 519 1483 Or.
536 1453 562 1482 I.
580 1461 658 1491 1793
675 1453 723 1483 ad
737 1453 831 1482 Fam.

182 1499 223 1528 X.
242 1507 264 1527 1.
277 1507 357 1535 4.-
368 1502 459 1533 arte,
472 1497 595 1526 brancll
615 1497 831 1537 ty‘lfflrning,

180 1561 221 1563 —
233 1541 462 1581 perfectam:
490 1541 573 1571 used
591 1540 833 1580 predicatirely

181 1586 257 1616 with
272 1585 602 1624 iudicavi.—quae
621 1607 629 1614 .
649 1607 656 1614 .
676 1607 683 1613 .
702 1588 833 1623 posset

181 1653 189 1659 .
216 1652 224 1659 .
250 1651 259 1659 .
285 1629 429 1659 dicere:
463 1628 744 1669 philosophiam
776 1627 833 1657 im-

180 1673 263 1713 plies
276 1673 506 1712 philol-tymni«,
520 1672 626 1702 which
644 1682 691 1702 we
709 1671 832 1701 should

181 1723 300 1757 expect
328 1717 482 1757 logically
501 1726 537 1746 as
562 1716 617 1745 the
642 1715 774 1754 subject
799 1714 835 1744 of

180 1766 312 1801 posset
344 1761 481 1791 dicere.
544 1760 627 1789 This
667 1769 771 1798 usage
808 1759 835 1789 is

180 1810 240 1835 not
266 1815 482 1835 uncommon.
495 1804 745 1834 -dedimus:
779 1813 835 1833 see

182 1850 264 1879 Crit.
284 1849 583 1888 App—scholas
603 1871 610 1878 .
630 1871 637 1877 .
658 1871 665 1877 .
683 1849 834 1882 habere,

899 1374 981 1402 way.
999 1382 1042 1385 —
1059 1362 1349 1393 declamitabam
1391 1370 1529 1391 causas
1544 1370 1551 1390 :

899 1408 953 1437 for
981 1407 1149 1446 practice3
1182 1406 1223 1436 cf.
1254 1407 1353 1435 Brut.
1380 1414 1443 1445 310
1473 1415 1553 1435 com-

901 1451 1072 1481 mentahar
1106 1451 1324 1480 declamitans
1353 1473 1358 1478 .
1390 1472 1396 1477 .
1425 1471 1432 1477 .
1461 1453 1554 1487 saepe

900 1506 972 1525 cum
993 1495 1042 1524 M.
1061 1496 1181 1524 Pisone
1197 1499 1226 1523 el
1244 1504 1316 1523 cum
1344 1493 1380 1529 Q.
1401 1493 1553 1531 Pompeio

900 1543 960 1568 aut
976 1549 1048 1568 cum
1066 1539 1180 1578 aliquo
1192 1538 1304 1567 cotidie
1317 1547 1328 1571 ,·
1346 1538 1443 1575 idque
1450 1536 1552 1576 facie-

902 1584 972 1612 lmm
1004 1583 1147 1612 multum
1184 1583 1281 1612 eliam
1323 1581 1454 1615 Latine,
1493 1580 1551 1609 sed

906 1628 1026 1657 Graece
1078 1623 1426 1665 saepius.——senilis
1460 1646 1467 1653 .
1502 1646 1510 1653 .
1544 1646 1552 1653 .

903 1670 1149 1700 declamatio:
1190 1669 1336 1707 forming
1375 1667 1455 1698 with
1496 1672 1553 1697 est

903 1715 959 1744 the
999 1713 1169 1754 predicate
1205 1713 1241 1742 of
1278 1713 1386 1742 haec.
1448 1711 1555 1741 Philo-

903 1758 1055 1798 sophical
1073 1757 1259 1787 discussion
1276 1757 1479 1786 constitutes
1497 1755 1554 1785 the

904 1801 1081 1832 rhetorical
1114 1800 1261 1831 exercise
1298 1799 1552 1840 (declamatio)

903 1846 940 1876 of
963 1846 1015 1876 his
1040 1845 1097 1875 old
1119 1853 1410 1885 age—ponere,
1429 1849 1460 1874 to
1477 1849 1554 1883 pro-

181 1898 209 1922 to
226 1894 307 1923 hold
321 1894 543 1932 disputassem
556 1902 594 1922 or
611 1892 751 1922 learned
764 1902 835 1921 con-

181 1939 374 1972 versations,
403 1937 463 1966 but
492 1942 552 1966 not
580 1937 612 1966 in
647 1936 704 1966 the
737 1946 835 1966 sense

182 1981 219 2010 of
236 1981 376 2011 debates
396 1991 435 2010 or
456 1981 487 2010 in
511 1981 651 2011 defense
675 1981 711 2010 of
733 1991 835 2020 oppo-

182 2025 245 2055 site
271 2025 610 2064 opinions.—tuum
640 2030 726 2065 post
758 2024 836 2054 dis-

183 2078 356 2100 cessum:
399 2069 527 2098 caesar
569 2068 668 2099 made
711 2069 835 2098 Brutus

183 2123 349 2153 governor
398 2112 436 2143 of
489 2112 601 2142 Gallia
651 2113 834 2152 Cisalpina,

183 2166 300 2195 471211-
317 2169 323 2193 ;
342 2157 382 2187 cf.
397 2158 444 2187 ad
454 2158 549 2187 Fam.
564 2157 624 2186 VI.
637 2156 665 2186 6.
684 2166 730 2186 10.
743 2176 785 2178 —
799 2156 835 2186 in

185 2202 422 2232 Tusculano:
459 2201 581 2232 Cicero
613 2201 680 2231 had
713 2211 733 2231 a
760 2201 836 2230 villa

184 2245 291 2275 called
322 2247 549 2276 Tusculanum
575 2250 610 2275 at
639 2244 835 2279 Tusculum,

184 2299 225 2318 an
249 2289 381 2319 ancient
406 2290 505 2319 Latin
529 2295 631 2325 town,
650 2288 754 2318 about
780 2293 836 2318 ten

184 2333 278 2363 miles
296 2333 471 2362 southeast
492 2333 528 2362 of
548 2334 666 2367 Rome,
685 2342 763 2361 near
780 2332 838 2361 the

186 2377 324 2406 modern
343 2377 400 2406 hill
425 2382 512 2406 town
531 2376 567 2405 of
592 2376 740 2406 Frascati
756 2387 762 2412 ;
781 2385 837 2405 see

187 2420 268 2449 lntr.
292 2419 440 2449 r().—in
466 2429 510 2450 eo
537 2429 687 2459 genere,
711 2420 746 2448 in
771 2419 838 2449 this

905 1896 984 1930 pose
1007 1902 1026 1920 a
1049 1890 1191 1929 sulqjcc&
1216 1889 1258 1918 cf.
1286 1888 1398 1919 Greek
1423 1889 1552 1923 τιθέναι,

904 1936 995 1969 θέσις,
1015 1934 1157 1974 English
1182 1934 1281 1963 thesis
1292 1943 1306 1969 ;
1332 1933 1403 1963 also
1421 1933 1459 1962 de
1476 1933 1552 1962 Am.

909 1988 942 2017 17
958 1980 1123 2009 doma-mn
1142 1982 1189 2009 cst
1204 1979 1266 2008 ista
1283 1978 1477 2008 consuetudo
1495 2000 1500 2006 .
1521 2000 1527 2006 .
1546 2000 1553 2006 .

904 2028 941 2053 ut
970 2025 1012 2053 iis
1037 2028 1188 2063 ponatur
1218 2024 1256 2053 dc
1291 2033 1355 2062 quo
1389 2022 1557 2060 disputent

910 2070 1065 2108 quamvis
1081 2068 1189 2097 subito.
1202 2067 1303 2097 —ad
1328 2066 1376 2102 id,
1397 2067 1433 2095 in
1457 2065 1557 2105 reffer-

903 2123 977 2142 ence
1000 2117 1031 2141 lo
1054 2112 1145 2147 this,-
1170 2111 1211 2141 cf.
1231 2111 1297 2140 III.
1321 2110 1356 2139 18
1373 2110 1419 2139 ad
1436 2119 1471 2138 ea
1494 2109 1556 2138 clis-

906 2160 1029 2195 putam
1061 2156 1099 2185 de
1126 2156 1208 2185 Fato
1232 2164 1251 2192 4
1274 2159 1398 2193 ponere
1424 2151 1558 2192 aliquid

903 2201 951 2230 ad
963 2200 1052 2239 quod
1065 2199 1201 2229 audiam
1228 2221 1234 2227 .
1260 2221 1266 2226 .
1293 2221 1299 2226 .
1324 2198 1404 2227 volo.

949 2243 979 2273 8.
1013 2242 1186 2273 scholas:
1214 2251 1270 2271 see
1301 2250 1316 2280 7
1347 2239 1555 2270 n.——-fiebat

976 2310 984 2316 .
1010 2287 1081 2316 ita:
1108 2286 1270 2325 referring
1292 2289 1326 2314 to
1350 2284 1406 2313 the
1424 2283 1502 2322 plan
1520 2282 1557 2312 of

905 2331 1058 2371 carrying
1097 2340 1141 2359 on
1182 2329 1239 2359 the
1278 2327 1497 2357 discussions.
1514 2345 1557 2348 —

907 2375 1023 2404 enim:
1049 2378 1130 2403 note
1147 2373 1189 2402 its
1207 2372 1354 2412 position
1370 2382 1375 2405 ;
1399 2380 1455 2399 see
1467 2371 1554 2399 Sam.

906 2419 1001 2456 Scis„
1045 2425 1061 2458 5
1102 2427 1132 2446 n.
1147 2435 1189 2438 —
1208 2415 1399 2447 Socratica
1442 2413 1555 2443 ratio:
