1669 2698
114 1132 153 1163 47

115 1481 155 1516 21

116 1704 157 1734 48

182 146 231 194 38
587 148 635 179 M.
668 148 821 180 TVLLI
855 146 1146 180 c‘lcEIleS

179 271 385 322 quaedam
416 277 515 309 sunt
547 270 598 309 ad
630 269 785 316 oculos,
812 269 864 309 ad
887 268 1014 316 auris,
1039 269 1091 307 ad
1115 267 1228 308 naris
1251 282 1275 307 a
1300 269 1401 308 sede
1421 267 1551 308 animi

178 342 429 393 perforatae.
499 342 652 393 Itaque
682 353 806 392 saepe
835 347 907 379 aut
941 339 1200 392 cogitatione
1232 346 1304 379 aut
1338 339 1479 392 aliqua
1510 340 1552 379 vi

180 412 315 452 morbi
349 413 539 464 impediti
571 412 729 463 apertis
763 418 892 463 atquc
926 410 1106 463 integris
1137 418 1179 450 et
1211 410 1344 450 oculis
1376 417 1418 451 et
1446 411 1551 451 auri-

179 484 260 524 bus
291 497 370 524 nec
396 483 591 523 videmus
621 496 701 522 nec
728 483 934 529 audimus,
966 489 1012 522 ut
1040 482 1164 522 facile
1195 481 1385 534 intellegi
1414 481 1550 534 possit

178 556 366 595 animum
401 561 443 594 et
477 554 620 594 videre
651 560 692 593 et
724 553 883 601 audire,
914 566 997 592 non
1027 566 1098 593 eas
1128 552 1262 604 partis
1291 566 1401 605 quae
1430 551 1552 605 quasi

179 626 395 666 fenestrae
434 625 516 665 sint
550 624 690 671 animi,
726 624 881 677 quibus
915 631 1057 664 tamen
1093 624 1252 663 sentire
1286 623 1388 663 nihil
1422 629 1549 676 queat

180 711 312 744 mens,
346 696 426 736 nisi
456 697 496 736 id
525 703 625 748 agat
656 703 697 735 et
730 695 853 736 adsit.

181 782 247 808 res
285 768 586 807 dissimillimas
627 767 985 819 comprendimUS,
1020 773 1065 806 ut
1101 766 1298 814 colorem,
1340 779 1550 818 saporem,

923 695 1050 748 Quid,
1081 695 1194 747 quod
1226 695 1374 734 eadem
1405 701 1552 734 mente

181 841 375 887 calorem,
405 840 590 886 odorem,
621 839 803 878 sonum?
838 852 946 890 quae
973 851 1205 890 numquam
1234 838 1421 889 quinque
1448 851 1552 876 nun-

180 911 249 950 tiis
277 910 444 950 animus
476 917 768 962 cognosceret,
800 909 883 948 nisi
911 909 963 948 ad
995 922 1092 948 eum
1121 909 1263 948 omnia
1289 908 1551 948 referrentur

179 988 222 1022 et
245 982 280 1021 is
299 982 486 1021 omnium
514 981 638 1021 iudex
663 981 779 1020 solus
803 988 931 1020 essct.
996 979 1147 1032 Atque
1170 993 1219 1019 ea
1240 980 1435 1031 profecto
1459 986 1550 1019 tum

179 1053 315 1093 multo
342 1052 511 1104 puriora
541 1059 583 1092 et
610 1051 857 1092 dilucidiora
887 1058 1132 1098 cernentur,
1158 1064 1269 1099 cum,
1292 1065 1378 1103 quo
1401 1058 1553 1091 natura

181 1125 278 1172 fert,
297 1124 401 1164 liber
424 1124 591 1163 animus
616 1123 868 1175 pervenerit.

180 1209 306 1247 quam
341 1194 547 1234 foramina
581 1194 650 1234 illa
681 1207 790 1246 quae
832 1200 981 1246 patent
1015 1194 1068 1233 ad
1101 1192 1289 1233 animum
1322 1206 1346 1232 a
1376 1206 1553 1245 corpore

182 1265 452 1306 callidissimo
480 1264 661 1305 artificio
692 1272 845 1305 natura
868 1265 1075 1304 fabricata
1098 1272 1175 1311 est,
1202 1272 1346 1304 tamen
1371 1264 1552 1304 terrenis

936 1123 1049 1162 Nam
1069 1135 1182 1162 nunc
1206 1122 1391 1174 quidem,
1409 1135 1552 1174 quam-

182 1338 479 1389 concretisque
502 1335 751 1388 corporibus
776 1342 876 1376 sunt
902 1335 1164 1388 intersaepta
1187 1336 1371 1388 quodam
1396 1337 1523 1375 modo
1543 1349 1551 1384 ;

181 1422 277 1447 cum
309 1415 453 1448 autem
485 1407 589 1447 nihil
618 1407 698 1447 erit
729 1414 901 1460 praeter
929 1407 1133 1455 animum,
1158 1408 1273 1447 nulla
1296 1421 1364 1448 res
1387 1407 1553 1447 obiecta

1396 1478 1553 1531 Quam-

182 1550 244 1590 vis
288 1550 458 1602 copiose
501 1551 606 1590 haec
649 1549 901 1597 diceremus,
949 1550 984 1589 si
1027 1564 1094 1589 res
1136 1550 1386 1602 postularet,
1425 1563 1551 1602 quam

181 1479 382 1531 impediet
407 1493 490 1531 quo
512 1479 654 1518 minus
678 1478 883 1531 percipiat
907 1479 1033 1531 quale
1053 1478 1240 1531 quidque
1265 1479 1331 1519 sit.

181 1622 327 1669 multa,
364 1636 490 1675 quam
530 1622 658 1670 varia,
691 1629 852 1674 quanta
891 1621 1136 1674 spectacula
1173 1622 1341 1661 animus
1375 1621 1416 1660 in
1450 1621 1553 1661 locis

182 1692 439 1734 caelestibus
457 1699 573 1733 esset
592 1692 831 1733 habiturus.
891 1692 1016 1745 Quae
1033 1693 1204 1744 quidem
1224 1693 1418 1745 cogitans
1438 1692 1553 1732 soleo

182 1778 311 1818 saepe
342 1764 484 1805 mirari
517 1779 603 1805 non
634 1764 848 1804 nullorum
881 1763 1154 1804 insolentiam
1188 1764 1551 1816 philosophorum,

947 1860 1002 1892 47.
1032 1861 1192 1891 terrenis
1214 1883 1221 1890 .
1248 1883 1255 1890 .
1282 1883 1290 1890 .
1314 1860 1552 1900 corporibus:

904 1906 956 1935 i.e.
973 1905 1062 1940 (lust,
1078 1909 1140 1934 etc.
1152 1923 1193 1925 —
1205 1910 1292 1935 sunt
1310 1904 1553 1944 intersaepta,

904 1960 962 1979 are
974 1949 1108 1978 blocked.
1120 1967 1162 1971 —
1174 1957 1259 1979 cum
1273 1953 1400 1979 autern
1416 1971 1423 1977 .
1440 1971 1447 1977 .
1462 1971 1469 1978 .
1485 1948 1533 1978 sit
1546 1957 1553 1977 :

184 1862 252 1892 III.
270 1871 290 1902 9
306 1873 378 1892 cum
400 1873 512 1892 rerum
533 1866 656 1892 natura
679 1885 686 1892 .
710 1885 716 1891 .
741 1885 747 1891 .
771 1862 836 1891 duo

182 1907 316 1936 lumina
345 1907 384 1936 ab
414 1907 528 1936 animo
559 1907 606 1935 ad
630 1907 735 1936 oculos
760 1910 836 1945 per-

180 1951 297 1990 forata
323 1961 381 1980 nos
408 1950 525 1980 habere
556 1951 712 1980 voluisset
722 1959 735 1985 ;
768 1949 835 1978 and

187 1994 267 2023 Plin.
296 1995 339 2023 ll.
366 1995 412 2024 Ν.
444 1994 505 2023 XI.
533 1993 593 2031 146
616 1995 729 2023 animo
752 1994 837 2022 vide-

183 2048 267 2072 mus,
292 2039 407 2067 animo
433 2039 627 2072 ce7·m'mus,·
660 2038 755 2072 oculi,
780 2047 836 2066 cen

183 2092 263 2110 wlsi!
278 2082 450 2121 quaedam,
467 2082 627 2111 visibilem
647 2083 717 2110 eins
735 2082 837 2120 (umo-

184 2126 246 2165 ris)
271 2130 402 2164 partem
428 2126 596 2163 accipiunt
617 2129 648 2154 et
668 2125 836 2154 transmit-

183 2173 267 2198 tunt.
305 2169 379 2199 The
397 2169 565 2199 reference
581 2168 608 2198 is
622 2168 653 2197 in
668 2168 783 2208 reality
800 2172 836 2197 to

185 2213 323 2242 arteries
334 2212 402 2242 and
415 2218 475 2242 not
487 2218 522 2242 to
536 2222 665 2242 nerves.
679 2230 722 2233 —
733 2211 838 2251 cogi-

185 2257 339 2292 tatione,
362 2257 438 2295 deep
470 2257 674 2285 meditation.
687 2273 730 2277 -—
743 2255 837 2285 inte-

187 2300 275 2339 gris,
313 2301 562 2339 uninjured.——
575 2299 648 2329 nisi
667 2322 675 2328 .
695 2322 702 2328 .
722 2322 729 2328 .
749 2303 836 2338 agat

186 2349 222 2372 et
235 2344 344 2379 adsit,
351 2345 463 2373 unless
473 2345 499 2372 it
507 2345 537 2372 is
547 2343 704 2372 absorberi
709 2343 836 2372 therela

184 2388 257 2417 and
274 2391 419 2425 present.
431 2405 473 2408 —
487 2387 652 2426 quinque
682 2386 836 2421 nuntiis,

185 2431 327 2469 through
341 2430 471 2469 Ille-five
483 2441 588 2460 senses
602 2429 837 2469 (messengers).

904 1993 946 2022 cf.
960 1994 998 2022 de
1014 1994 1089 2022 Seu.
1104 1992 1146 2022 80
1158 1993 1216 2022 ssd
1229 2003 1301 2022 cum
1320 2002 1369 2022 om
1376 1992 1415 2020 ni
1427 1992 1555 2021 admix-

904 2038 991 2066 tione
1022 2038 1167 2075 corporis
1198 2036 1357 2065 liberatus
1380 2040 1494 2075 purus
1526 2040 1558 2066 et

904 2081 1029 2119 integer
1040 2090 1106 2109 esse
1116 2080 1274 2118 coepisset,
1285 2084 1355 2110 tum
1371 2078 1553 2119 (animum)

904 2135 968 2153 esse
998 2124 1176 2162 sapientem
1190 2133 1204 2159 ,·
1240 2124 1327 2153 Som.
1360 2124 1446 2162 Scip.
1480 2122 1499 2152 6
1530 2123 1558 2151 ii

904 2169 1035 2202 vivunt,
1067 2168 1127 2207 qni
1156 2177 1172 2196 e
1203 2172 1376 2206 corporum
1411 2166 1556 2196 vinculis

905 2216 1074 2250 tamquam
1093 2221 1108 2239 e
1125 2221 1252 2241 carcere
1268 2211 1487 2240 evolaverunt.

949 2254 1003 2288 21.
1037 2254 1211 2294 quamvis
1272 2254 1448 2293 copiose:
1503 2253 1553 2282 i.c.

905 2303 971 2327 tam
997 2299 1118 2336 copiose
1139 2307 1238 2337 quam
1262 2299 1312 2326 vis
1323 2307 1336 2333 ,·
1361 2296 1555 2336 equivalent

906 2347 940 2371 to
957 2342 1010 2371 vel
1024 2342 1249 2380 copiosissime.

950 2385 1004 2414 48.
1038 2394 1112 2415 non
1135 2384 1321 2415 nullorum
1345 2406 1352 2413 .
1378 2406 1385 2413 .
1410 2407 1417 2413 .
1439 2383 1556 2423 philo-

908 2430 1133 2468 sophorum:
1183 2428 1239 2457 the
1282 2428 1496 2467 Epicureans.
1514 2444 1557 2449 —-
