1674 2698
330 138 769 175 TVSCVLANARVM
808 144 1259 182 DlSl’V'l'le'lONVM
1297 153 1304 182 l
1452 162 1505 200 gt)

128 258 199 310 qui
222 266 401 300 naturae
425 262 714 313 cognitionem
739 266 1004 307 admirantur
1029 269 1204 322 eiusque
1230 272 1437 314 inventori
1463 283 1503 316 et

127 329 307 382 principi
331 332 490 383 gratias
513 335 781 376 exsultantes
805 348 939 390 agunt
965 355 1150 393 eumque
1176 354 1434 385 venerantur
1460 356 1503 387 ut

125 401 281 450 deum;
314 402 518 445 liberatos
557 406 671 446 enim
712 422 757 448 se
797 423 872 461 per
912 424 1009 451 eum
1049 413 1199 454 dicunt
1238 417 1504 467 gravissimis

125 472 319 520 dominis,
345 481 510 517 terrore
533 479 797 531 sempiterno
821 488 862 522 et
886 482 1038 523 diurno
1061 498 1111 524 ac
1135 493 1347 527 nocturno
1372 496 1503 531 metu.

127 544 226 596 Quo
264 547 458 587 terrore?
521 562 606 601 quo
649 554 802 593 metu?
865 568 974 606 quae
1008 563 1073 596 est
1107 571 1216 597 anus
1252 566 1337 599 tam
1372 561 1505 602 delira

124 629 233 667 quae
263 617 413 658 timeat
444 619 538 669 ista,
563 635 672 673 quae
695 637 771 663 vos
796 624 1007 674 videlicet,
1036 627 1068 667 si
1094 629 1269 684 physica
1294 646 1377 671 non
1403 633 1503 673 didi-

123 686 306 737 cissetis,
346 689 568 739 timeretis,
612 694 960 738 ‘Acherunsia
1000 701 1188 752 templa
1226 702 1329 743 alta
1369 704 1499 752 Orci,

123 759 311 811 pallida
345 761 446 811 leti,
484 764 730 806 obnubila
758 769 991 810 tenebris
1016 771 1122 811 loca
1142 772 1181 813 '?
1242 774 1340 813 Non
1370 777 1500 827 pudet

121 831 423 885 philosophum
450 834 491 874 in
516 849 566 876 eo
588 837 769 889 gloriari,
791 841 904 892 quod
928 842 1034 883 haec
1053 857 1138 883 non
1159 845 1305 886 timeat
1327 854 1367 886 et
1388 850 1501 900 quod

121 903 228 943 falsa
267 918 363 946 esse
401 908 683 960 cognoverit?
750 911 786 951 E
826 926 910 964 quo
955 914 1146 968 intellegi
1191 924 1333 968 potest
1373 933 1498 971 quain

120 975 236 1014 acuti
274 983 427 1018 natura
472 978 570 1027 sint,
612 982 812 1033 quoniam
859 984 964 1025 haec
1004 985 1095 1026 sine
1134 988 1327 1028 doctrina
1371 992 1501 1030 credi-

119 1046 205 1085 turi
229 1047 416 1090 fuerunt.
481 1051 749 1093 Praeclarum
768 1062 912 1095 autem
939 1057 1084 1097 nescio
1103 1058 1203 1111 quid
1222 1061 1365 1112 adepti
1385 1069 1498 1109 sunt,

118 1118 233 1169 quod
266 1119 507 1162 didicerunt
544 1135 602 1171 se,
629 1138 725 1164 cum
760 1132 934 1178 tempus
968 1130 1117 1169 mortis
1152 1132 1353 1180 venisset,
1384 1140 1498 1174 totos

118 1201 215 1229 esse
237 1191 462 1242 perituros.
532 1194 661 1246 Quod
684 1203 730 1236 ut
756 1196 812 1237 ita
837 1198 889 1238 sit
912 1199 1031 1253 (nihil
1058 1200 1168 1241 enim
1194 1206 1372 1255 pugno),
1398 1204 1498 1257 quid

119 1260 249 1301 habet
278 1262 359 1302 ista
386 1277 454 1304 res
478 1272 551 1305 aut
580 1266 777 1307 laetabile
804 1276 877 1309 aut
906 1270 1171 1323 gloriosum?

116 1331 221 1371 mihi
252 1347 355 1375 sane
382 1335 611 1388 quicquam
640 1340 825 1380 occurrit
855 1354 931 1380 cur
957 1356 1042 1382 non
1076 1344 1342 1397 Pythagorae
1371 1347 1422 1386 sit
1455 1354 1495 1387 et

118 1400 307 1442 Platonis
330 1417 430 1444 vera
454 1407 682 1448 sententia.
738 1409 797 1448 Vt
822 1410 935 1449 enim
962 1411 1170 1451 rationem
1197 1414 1315 1454 Plato
1339 1416 1495 1455 nullam

115 1473 305 1514 adferret
334 1474 447 1529 (vide
468 1477 570 1529 quid
598 1478 761 1518 homini
785 1480 1002 1535 tribuam),
1030 1482 1120 1534 ipsa
1144 1486 1398 1526 auctoritate
1430 1501 1497 1527 me

1237 1275 1330 1314 Nec
1354 1282 1496 1315 tamen

116 1593 304 1626 inventori
323 1601 358 1626 et
376 1597 558 1638 principi:
582 1598 749 1639 Epicurus
765 1612 772 1638 ;

115 1638 170 1668 for
194 1639 260 1669 this
285 1641 484 1680 expression
510 1642 551 1673 cf.
573 1643 646 1674 also
667 1645 772 1674 Acml.

118 1682 164 1712 ΙΙ.
187 1691 242 1723 131
266 1684 383 1725 (Zeno)
402 1687 557 1716 inventor
573 1692 603 1717 et
611 1690 774 1728 princeps

114 1727 299 1757 Stoicorum
313 1730 399 1769 ficit.
411 1748 454 1752 —
466 1740 629 1771 eumque
649 1755 657 1762 .
677 1755 685 1762 .
705 1755 713 1762 .
731 1738 772 1764 ut

115 1770 250 1802 deum:
276 1772 318 1802 cf.
339 1773 471 1804 Lucret.
493 1775 532 1804 V.
555 1775 640 1806 8-10

151 1825 229 1852 deus
242 1826 379 1863 illefuit,
394 1828 478 1863 deus,
491 1829 604 1865 inclyte
617 1830 758 1866 r'llemmi,

117 1863 180 1898 Qui
200 1866 351 1902 prina‘ss
373 1868 454 1894 vilae
479 1869 630 1896 rationem
652 1871 773 1897 invenit

228 1912 295 1930 eam
311 1914 392 1940 qnae

113 1939 214 1968 Nunc
227 1943 409 1979 appellamr
423 1946 587 1982 sapientia.

113 1990 347 2024 —liberatos
366 2017 373 2024 .
394 2017 401 2024 .
421 2017 428 2025 .
448 2001 573 2026 metu:
592 2006 632 2027 so
652 1997 771 2028 Lucre-

114 2034 181 2065 tius
221 2036 254 2066 in
294 2037 346 2067 his
385 2039 423 2068 de
463 2040 589 2070 li'erum
631 2042 770 2072 Natura

113 2080 303 2119 attempted
323 2080 367 2123 by
384 2082 441 2112 the
460 2083 515 2113 aid
534 2084 571 2113 of
591 2085 770 2124 Epicurus’

112 2122 319 2166 philosophy
347 2130 383 2155 to
414 2126 485 2157 free
518 2128 624 2158 men's
657 2129 768 2159 minds

111 2166 200 2197 from
230 2167 304 2198 fear
335 2169 373 2199 of
404 2170 461 2200 the
492 2171 578 2211 gods
610 2172 678 2202 and
711 2174 769 2204 the

111 2210 184 2241 sear
206 2212 243 2241 of
263 2212 541 2254 death.—quae
568 2239 575 2246 .
602 2239 610 2246 .
637 2239 645 2247 .
671 2226 768 2249 anus

114 2276 121 2283 .
149 2277 156 2284 .
185 2277 192 2284 .
217 2256 345 2294 delira,
363 2259 458 2288 what
469 2262 699 2298 superstitious
716 2262 772 2291 old

112 2308 245 2329 woman
263 2301 292 2330 is
311 2312 345 2330 so
361 2303 460 2332 weak.
473 2321 516 2325 —
528 2304 767 2336 Acherunsia

113 2363 121 2370 .
148 2365 156 2371 .
183 2365 191 2372 .
215 2343 319 2375 loca:
347 2346 522 2386 supposed
548 2352 582 2376 to
612 2347 653 2378 be
678 2349 766 2379 from

112 2385 168 2415 the
194 2388 430 2419 Andromache
462 2391 499 2420 of
531 2391 673 2428 Ennius,
705 2393 766 2423 but

113 2434 174 2459 not
206 2432 333 2471 quoted
365 2433 397 2463 in
432 2434 633 2476 rhythmical
664 2436 766 2467 form.

841 1603 1046 1643 —templa‚
1066 1606 1223 1644 regions:
1249 1606 1306 1637 the
1329 1607 1496 1646 primitive

842 1647 1003 1687 meaning
1037 1648 1074 1678 of
1111 1651 1270 1689 templum
1301 1661 1368 1681 was
1395 1657 1452 1681 not
1477 1662 1497 1682 a

842 1689 1005 1731 building,
1032 1691 1091 1722 but
1124 1694 1248 1734 merely
1273 1704 1293 1724 a
1317 1695 1411 1734 place
1443 1696 1497 1726 for

842 1734 1059 1765 observation
1075 1736 1215 1767 marked
1229 1744 1288 1768 out
1305 1738 1436 1779 (τέμνω)
1453 1740 1496 1781 by

842 1778 899 1809 the
924 1789 1032 1819 augur
1057 1780 1135 1810 with
1170 1781 1221 1811 his
1253 1782 1493 1814 staff—leti:

840 1823 988 1861 genitive
1006 1823 1043 1853 of
1062 1825 1294 1864 specification
1313 1827 1391 1857 with
1416 1828 1496 1867 pal-

840 1866 936 1904 lida;
971 1877 1026 1897 see
1065 1868 1157 1899 Lane
1194 1877 1292 1907 1270;
1333 1871 1374 1901 cf.
1410 1872 1494 1902 Hor.

844 1912 956 1940 (ἴῃ-7η.
974 1912 998 1941 Ι.
1013 1921 1062 1942 22.
1081 1921 1091 1942 1
1109 1914 1235 1953 integer
1250 1916 1344 1944 vitae.
1356 1934 1399 1937 —
1413 1916 1494 1947 sine

840 1955 1010 1985 doctrina
1038 1956 1065 1986 is
1088 1957 1283 1996 equivalent
1313 1964 1348 1989 to
1375 1970 1393 1989 a
1418 1970 1495 1990 con-

838 1998 947 2029 dition
968 2006 1126 2041 contrary
1144 2006 1179 2031 to
1197 2001 1266 2032 fact
1284 2014 1290 2037 3
1316 2004 1493 2036 credituri

840 2043 991 2074 fuerunt
1013 2044 1041 2074 is
1067 2044 1149 2075 used
1173 2045 1309 2076 instead
1333 2047 1369 2077 of
1392 2050 1493 2078 credi-

838 2088 988 2123 dissent;
1013 2098 1070 2118 see
1088 2089 1129 2119 A.
1148 2089 1175 2120 ἃ
1195 2090 1235 2120 G.
1255 2090 1316 2131 308
1335 2091 1367 2121 d.

881 2131 936 2161 49.
970 2132 1233 2172 praeclarum:
1284 2135 1433 2166 ironical.
1450 2155 1492 2159 —

837 2180 898 2205 ut:
928 2177 1145 2214 concessive;
1179 2188 1218 2208 so
1246 2178 1279 2209 in
1308 2185 1348 2210 ut
1378 2182 1491 2219 enim,

837 2218 955 2249 below.
972 2239 1015 2243 —
1033 2221 1125 2252 nihil
1151 2245 1158 2252 .
1185 2245 1193 2252 .
1220 2245 1228 2253 .
1255 2233 1407 2264 pugno:
1438 2227 1490 2256 i.e.

838 2263 958 2293 Cicero
983 2265 1047 2294 will
1073 2270 1132 2295 not
1158 2266 1289 2298 discuss
1315 2268 1372 2299 the
1397 2280 1492 2310 ques-

836 2307 909 2337 tion
957 2308 1363 2351 here.—Pythagorae
1398 2336 1405 2343 .
1439 2337 1447 2344 .
1481 2337 1489 2344 .

838 2350 1006 2382 Platonis
1028 2376 1036 2382 .
1056 2376 1064 2383 .
1082 2376 1090 2383 .
1114 2356 1324 2386 sententia:
1350 2358 1398 2387 i.e.
1416 2358 1489 2388 that

835 2395 892 2426 the
924 2397 999 2427 soul
1029 2397 1056 2427 is
1084 2398 1490 2432 immortal.—auctori-

834 2444 912 2469 tate
943 2463 951 2470 .
979 2463 986 2470 .
1013 2463 1021 2471 .
1049 2440 1263 2482 frangeret:
1298 2444 1339 2474 cf.
1375 2456 1490 2476 errare

1524 1072 1567 1102 49
