1674 2698
287 129 522 161 TVSCVLA
534 129 676 161 NARV
689 130 721 161 M
762 130 1129 162 1)151‘’x0''1'1x'1'1‹›N
1141 132 1168 162 V
1180 132 1212 162 M
1251 132 1258 162 1
1437 142 1464 178 ‹)

86 258 234 291 contra
257 251 434 291 alterius
458 251 701 303 opinionem
721 251 971 292 disserendi.
1037 253 1149 292 Nam
1177 253 1233 292 ita
1264 254 1464 294 facillime

84 323 184 375 quid
209 322 297 362 veri
327 322 586 362 simillimum
617 330 730 363 esset
758 323 935 364 inveniri
967 338 1097 376 posse
1127 325 1328 364 Socrates
1359 326 1464 364 urbi-

84 394 288 433 trabatur.
370 394 455 434 Sed
500 409 584 447 quo
623 395 889 435 commodius
933 395 1247 447 disputationes
1291 404 1464 437 nostrae

84 465 361 517 explicentur,
388 465 447 505 sic
472 481 543 506 eas
568 481 791 518 exponam,
810 468 929 519 quusi
953 474 1107 519 agatur
1130 481 1210 515 res,
1234 482 1318 507 non
1343 468 1462 521 quasi

84 544 291 577 narretur.
362 538 477 590 Ergo
502 537 559 577 ita
583 546 727 579 nuscet
737 553 783 578 ur
807 538 1047 579 exordium:

143 609 195 648 Α.
237 609 447 648 Malum
480 609 618 649 mihi
654 610 897 650 videtur
929 625 1062 651 esse
1096 625 1260 651 mors.

144 681 206 720 Hs.
246 680 360 721 Iisne
393 681 463 733 qui
498 681 655 721 mortui
689 688 802 729 sunt,
833 696 885 721 an
921 681 970 722 iis
1004 682 1159 734 quibus
1194 683 1460 723 moriendum

82 759 147 792 est
166 752 180 791 ?

142 825 196 865 Α.
231 824 450 877 Vtrisque.

141 896 206 935 M.
244 896 322 935 Est
348 897 551 935 miserum
577 896 719 947 igitur,
744 897 945 949 quoniam
972 898 1141 938 malum.

141 968 196 1007 A.
233 967 372 1008 Certe.

141 1039 205 1079 sis.
244 1039 361 1091 Ergo
385 1046 425 1079 et
453 1038 489 1087 ii,
516 1039 672 1092 quibus
697 1040 840 1080 evenit
871 1040 951 1080 ium
977 1047 1022 1080 ut
1049 1048 1332 1088 morerentur,
1354 1049 1393 1080 et
1421 1041 1458 1088 ii,

80 1110 237 1163 quibus
260 1118 515 1151 eventurum
541 1118 617 1159 est,
645 1111 798 1152 miseri.

140 1182 195 1222 Α.
232 1181 340 1221 Mihi
364 1181 421 1222 ita
444 1181 625 1223 videtur.

141 1254 205 1294 M.
244 1254 386 1294 Nemo
408 1267 513 1306 ergo
536 1268 621 1294 non
645 1255 783 1294 miser.

140 1325 196 1366 A.
235 1325 412 1364 Prorsus
435 1339 572 1365 nemo.

143 1397 203 1436 M.
242 1397 298 1436 Et
323 1396 507 1449 quidem,
535 1398 570 1436 si
592 1397 670 1436 tibi
693 1405 892 1438 constare
916 1398 991 1447 vis,
1017 1413 1180 1447 omnes,
1201 1400 1461 1452 quicumque

82 1469 171 1508 nati
202 1475 302 1507 sunt
332 1475 524 1516 eruntve,
555 1483 640 1508 non
671 1469 809 1509 solum
842 1470 997 1517 miseri,
1024 1471 1099 1510 sed
1131 1471 1259 1510 etiam
1292 1485 1462 1523 semper

81 1539 236 1580 miseri.
307 1540 419 1579 Nam
449 1539 484 1580 si
512 1540 625 1580 solos
653 1554 726 1580 eos
754 1541 919 1581 diceres
948 1542 1128 1581 miseros
1156 1541 1312 1594 quibus
1340 1542 1462 1581 mori-

82 1611 239 1651 endum
276 1618 404 1659 esset,
437 1611 654 1651 neminem
690 1618 738 1651 tu
773 1611 945 1664 quidem
982 1626 1130 1652 eorum
1166 1612 1238 1665 qui
1268 1613 1459 1653 viverent

81 1682 300 1734 exciperes
335 1682 619 1736 (moriendum
655 1690 719 1723 est
755 1684 867 1723 enim
902 1683 1133 1736 omnibus),
1167 1691 1281 1724 esset
1316 1691 1461 1724 tamen

82 1799 150 1829 this
186 1800 214 1829 is
248 1809 340 1829 more
372 1799 528 1839 properly
563 1798 619 1829 the
656 1799 739 1828 Aca·
806 1798 848 1828 cf.
882 1804 1006 1837 ponere
1031 1822 1036 1828 .
1064 1824 1069 1828 .
1096 1800 1347 1838 .d1'sputaham,
1381 1808 1461 1838 7.—

83 1843 192 1874 demic
216 1843 365 1873 method.
416 1844 482 1873 For
503 1843 560 1873 the
585 1843 653 1873 real
681 1844 738 1872 So·
805 1843 998 1882 utrisque:
1039 1842 1123 1873 both
1165 1843 1222 1873 the
1261 1843 1348 1874 dead
1394 1845 1459 1873 and

83 1887 185 1918 cratic
208 1887 359 1922 method,
386 1887 427 1917 cf.
456 1888 495 1917 de
529 1888 605 1916 Fin.
642 1887 686 1916 11.
721 1896 736 1916 2
808 1887 864 1916 the
905 1887 1279 1926 living—miserum
1323 1888 1459 1928 igitur:

82 1933 111 1961 is
156 1931 331 1971 (Socrates)
376 1932 465 1961 enim
510 1931 739 1970 percontando
808 1931 990 1961 miserum
1022 1931 1050 1960 is
1083 1931 1165 1961 used
1201 1931 1461 1972 substantively.

81 1980 179 2016 atque
203 1976 442 2014 inlerrqgando
471 1976 586 2005 elisere
614 1975 733 2005 solebat
806 1993 845 1996 -
860 1980 982 2005 certe:
1008 1974 1102 2004 often
1125 1974 1208 2005 used
1228 1976 1328 2006 alone
1348 1986 1385 2006 as
1406 1976 1461 2006 the

79 2030 192 2050 eorum
208 2020 377 2058 opiniones
393 2020 585 2059 quibuscum
605 2020 738 2049 (lissere-
806 2019 951 2058 positive
976 2029 1108 2049 answer
1132 2024 1168 2049 to
1193 2029 1212 2050 a
1236 2019 1405 2060 question.
1420 2039 1459 2041 ——

82 2064 143 2100 bat,
167 2068 204 2093 ut
217 2065 265 2094 ad
282 2074 318 2093 ca
336 2074 420 2103 quae
436 2064 463 2092 1'1'
484 2063 736 2103 respondissent,
807 2072 898 2103 ergo
924 2086 932 2093 .
960 2086 967 2093 .
995 2086 1002 2093 .
1030 2063 1180 2093 miseri:
1228 2074 1274 2094 sc.
1315 2068 1401 2094 sunt.
1419 2083 1459 2086 —

83 2108 218 2148 siquid
236 2108 414 2143 videretur,
433 2107 737 2146 dicam—quasi
806 2116 919 2138 nemo
945 2130 953 2138 .
981 2130 988 2137 .
1015 2130 1023 2137 .
1049 2117 1136 2144 non,
1168 2118 1264 2147 every
1294 2118 1378 2143 one‚·
1414 2118 1460 2138 sc.

81 2157 217 2192 agatur
241 2161 324 2182 res:
350 2153 400 2181 i.e.
418 2161 455 2181 as
474 2151 501 2181 if
525 2150 582 2181 the
603 2160 737 2181 conver·
804 2156 877 2187 est;
909 2157 990 2182 note
1015 2151 1072 2181 'the
1097 2151 1280 2182 difference
1307 2151 1460 2182 between

82 2196 194 2226 sation
227 2205 312 2226 were
344 2194 472 2226 carried
504 2205 548 2225 on
581 2194 615 2224 in
653 2205 738 2236 your
806 2206 899 2225 nemo
922 2206 987 2225 non
1010 2194 1077 2225 and
1100 2206 1166 2225 mm
1190 2205 1462 2236 uerna—pror—

81 2249 254 2280 presence.
806 2248 884 2275 Sus,
909 2240 1081 2279 certainly,
1106 2240 1341 2277 truly.—tibi
1372 2249 1462 2270 con-

125 2284 160 2318 5.
193 2283 224 2314 9.
255 2284 288 2313 A
316 2306 324 2313 .
351 2306 359 2313 .
386 2306 394 2313 .
421 2283 483 2313 M:
512 2283 561 2312 i.e.
591 2283 738 2313 Auditor
806 2288 918 2319 Stare,
945 2285 1120 2314 consistent
1143 2284 1222 2313 willz
1245 2284 1462 2324 yourself—

82 2350 88 2356 .
115 2350 122 2356 .
149 2351 154 2356 .
180 2328 354 2367 lllagister.
417 2327 480 2357 See
515 2327 596 2356 Intr.
631 2336 738 2366 23.—
806 2327 935 2357 miseri
962 2350 969 2356 .
997 2350 1004 2357 .
1031 2350 1039 2357 .
1066 2337 1219 2367 semper
1238 2328 1387 2358 miseri:
1413 2338 1459 2358 sc.

83 2371 225 2402 malurn
260 2394 267 2401 .
302 2394 309 2401 .
344 2394 352 2401 .
386 2380 472 2401 esse
513 2379 637 2400 mors:
679 2370 736 2401 the
804 2376 885 2401 sunt
915 2394 920 2399 .
955 2394 960 2400 .
995 2395 1000 2400 .
1031 2376 1199 2400 erunt.—
1223 2372 1460 2403 moriendum

83 2414 189 2446 thesis
219 2414 392 2455 proposed
430 2414 484 2444 for
520 2413 735 2451 discussion;
807 2420 909 2445 esset
932 2438 939 2444 .
962 2438 969 2444 .
993 2438 1000 2444 .
1023 2415 1215 2445 viverent:
1242 2415 1337 2446 these
1361 2416 1460 2447 verbs

1488 599 1509 670 :25¹
