1674 2698
519 152 773 185 SOMNIVM
809 152 1079 185 sell’lole
1439 164 1476 190 ιι

108 276 216 317 alter
239 274 442 316 Mercurii
467 288 629 321 cursuS,
657 274 697 313 in
727 274 960 327 infimoque
983 275 1085 314 orbe
1114 276 1212 315 luna
1237 277 1362 315 radiis
1387 277 1486 316 solis

106 361 289 388 accensa
332 347 606 387 convertitur.
676 346 794 385 Infra
836 353 979 386 autem
1026 348 1106 386 iam
1151 347 1252 386 nihil
1297 356 1362 388 est
1407 348 1487 387 nisi

109 419 286 460 mortale
329 425 372 459 et
416 419 624 458 caducum
668 424 837 469 praeter
879 418 1044 458 animos
1088 432 1266 459 munere
1309 421 1485 460 deorum

108 491 328 531 hominum
352 489 500 543 generi
522 490 657 537 datos,
685 503 813 541 supra
840 489 983 529 lunam
1010 497 1110 530 sunt
1133 499 1308 531 aeterna
1331 491 1482 531 omnia.

109 563 221 602 Nam
252 575 302 602 ea
324 575 434 615 quae
464 568 529 601 est
561 560 700 601 media
728 568 771 601 et
798 574 922 609 nona,
948 561 1087 610 tellus,
1119 576 1259 615 neque
1289 570 1486 604 movetur

107 641 150 674 et
173 633 319 674 infima
341 639 406 674 est
429 640 470 673 et
491 633 533 672 in
552 646 644 673 earn
664 632 863 673 feruntur
880 633 1022 673 omnia
1045 641 1153 674 nutu
1175 648 1250 674 suo
1268 635 1483 686 pondera.’

169 706 293 759 Quae
315 718 412 745 cum
437 704 627 745 intuerer
650 711 844 756 stupens,
868 711 914 745 ut
938 718 1007 744 me
1031 705 1171 757 recepi
1199 706 1366 758 ‘Quid?
1389 706 1482 746 hic'

107 777 279 830 inquam
320 785 329 801 ‘
344 777 438 829 quis
462 783 540 824 est,
566 776 637 829 qui
662 776 847 828 complet
871 790 996 816 aures
1020 791 1137 817 meas
1160 784 1308 817 tantus
1331 785 1371 818 et
1397 785 1483 818 tam

105 849 242 889 dulcis
265 862 396 889 sonus
413 849 448 888 ?’
518 849 628 888 ‘Hic
652 855 716 888 est
737 848 744 861 '
770 848 906 901 inquit
934 857 942 872 ‘
960 849 1038 896 ille,
1059 849 1131 901 qui
1155 849 1387 890 intervallis
1405 849 1486 890 dis-

108 921 279 961 iunctus
312 920 559 973 imparibus,
599 921 674 960 sed
713 927 857 960 tamen
902 935 979 973 pro
1024 928 1114 961 rata
1157 928 1278 973 parte
1321 922 1485 961 ratione

107 992 320 1033 distinctis
355 992 539 1044 impulsu
571 999 612 1032 ct
648 999 769 1032 motu
803 993 991 1044 ipsorum
1026 992 1190 1032 orbium
1227 992 1408 1032 efficitur
1441 1000 1484 1032 et

106 1071 234 1104 acuta
263 1078 359 1104 curn
387 1065 590 1117 gravibus
624 1052 872 1116 temperans
906 1064 1044 1104 varios
1077 1064 1356 1117 aequabiliter
1390 1078 1486 1104 con-

107 1143 260 1177 centus
299 1136 454 1184 efficit;
498 1150 579 1176 nec
619 1136 730 1176 enim
772 1136 942 1175 silentio
986 1136 1097 1176 tanti
1135 1143 1279 1176 motus
1318 1136 1484 1176 incitari

105 1214 286 1261 possunt
311 1215 353 1248 et
381 1215 534 1248 natura
560 1208 644 1248 fert
672 1215 719 1248 ut
751 1215 941 1248 extrema
969 1222 1020 1249 ex
1047 1208 1179 1248 altera
1207 1216 1328 1260 parte
1350 1208 1485 1259 gravi-

105 1286 184 1329 ter,
214 1293 265 1320 ex
302 1280 436 1320 altera
465 1287 609 1320 autem
639 1286 767 1320 acute
801 1287 969 1320 sonent.
1039 1280 1180 1333 Quam
1219 1280 1273 1319 ob
1313 1293 1483 1319 causam

111 1440 122 1461 1
132 1439 143 1460 Ι
152 1440 171 1470 9
184 1431 344 1472 infraque
360 1431 506 1461 Alartem
522 1431 607 1461 duae
619 1430 759 1470 (stellae)

105 1476 180 1505 Soli
204 1475 373 1505 oboediant
384 1485 394 1509 ‚·
428 1475 546 1505 Venus
574 1475 642 1504 and
676 1476 762 1504 Mer-

106 1528 186 1560 cury
214 1528 299 1548 were
331 1519 504 1558 supposed
539 1524 575 1548 to
611 1518 761 1558 perform

106 1563 193 1593 their
209 1562 419 1593 revolutions
436 1562 468 1592 in
483 1572 561 1603 very
576 1562 689 1602 nearly
705 1562 762 1592 the

106 1616 200 1637 same
217 1606 299 1636 time
312 1616 348 1636 as
363 1606 421 1636 the
435 1616 508 1635 sun.
520 1625 562 1628 —
574 1607 688 1636 radiis
705 1629 712 1636 .
728 1629 736 1636 .
752 1629 760 1636 .

108 1659 291 1681 accensa:
317 1650 359 1680 cf.
388 1651 459 1680 luce
484 1674 489 1679 .
516 1674 522 1679 .
549 1673 554 1679 .
580 1651 702 1684 aliena,
731 1649 760 1679 8.

105 1713 149 1716 —-
160 1704 274 1735 supra
289 1717 297 1723 .
313 1717 320 1724 .
338 1718 345 1724 .
359 1694 506 1724 omnia:
524 1693 706 1724 bracketed
719 1693 762 1734 by

108 1738 284 1768 Meissner.
298 1756 340 1760 —
354 1747 441 1768 nam
467 1747 510 1768 ea
529 1761 537 1768 .
557 1761 565 1768 .
585 1761 592 1768 .
611 1738 760 1768 infima:

106 1782 149 1812 cf.
161 1793 239 1813 nam
253 1786 363 1812 terra.
377 1805 383 1811 .
398 1807 403 1812 .
418 1782 538 1817 haeret,
556 1791 592 1812 10
606 1793 612 1820 ;
636 1782 690 1811 for
704 1782 762 1812 the

107 1825 282 1866 supposed
296 1826 447 1866 position
462 1827 499 1856 of
513 1825 569 1856 the
583 1826 689 1861 earth,
704 1835 762 1856 see

106 1870 236 1900 orbibus
253 1895 259 1900 .
279 1893 285 1900 .
303 1895 309 1900 .
327 1871 449 1906 omnia,
466 1879 487 1910 9
500 1880 539 1906 n;
563 1870 619 1900 for
636 1870 762 1900 media

142 1936 151 1944 .
177 1936 186 1944 .
211 1914 351 1951 infima,
372 1914 415 1944 cf.
438 1914 512 1944 also
541 1915 633 1944 Tusc.
657 1914 697 1943 V.
720 1914 762 1954 69

106 1968 174 1998 qua
187 1959 300 1987 omnia
314 1958 421 1987 delata
429 1959 598 1997 gravitate
615 1959 759 1988 medium

107 2002 229 2032 mundi
243 2002 350 2031 locum
371 2007 499 2041 semper
517 2006 682 2041 expetant,
701 2003 762 2042 qui

106 2049 154 2075 est
173 2046 258 2075 idem
283 2045 424 2084 infimus
447 2046 484 2074 in
508 2046 710 2076 rotundo.—
724 2046 761 2076 in

108 2098 193 2119 eam
209 2112 216 2119 .
232 2112 240 2119 .
257 2112 265 2119 .
279 2089 469 2128 pondera:
495 2089 536 2120 cf.
562 2090 656 2119 Tusc.
675 2089 702 2119 Ι.
720 2098 762 2127 40

108 2134 316 2173 persuadent
332 2157 337 2162 .
362 2156 368 2162 .
392 2156 398 2161 .
411 2133 761 2173 fi’rantur.—nutu‚

107 2177 307 2207 downward
319 2177 486 2216 tettdency,
499 2178 643 2216 gravity.

151 2221 186 2255 5,
220 2219 273 2250 10.
306 2229 402 2260 quae
422 2243 430 2250 .
451 2243 459 2250 .
479 2243 486 2250 .
505 2221 692 2251 intuerer:
718 2220 761 2251 cf.

109 2264 166 2294 the
194 2264 344 2304 opening
375 2265 488 2294 clause
517 2264 555 2294 of
587 2273 617 2304 9
630 2270 764 2295 -tan-

108 2313 197 2339 tus.
244 2317 410 2339 .sonus:
433 2308 520 2338 “the
534 2308 642 2338 music
655 2308 693 2338 of
705 2309 763 2339 the

109 2351 279 2392 spheres''
288 2364 294 2389 ;
324 2351 403 2383 with
425 2351 492 2382 this
514 2361 658 2392 passage
675 2362 764 2382 com-

108 2405 189 2435 pare
222 2395 469 2436 Shakespeare,
509 2396 692 2427 afferebant
722 2396 763 2436 qf

116 2440 232 2470 Vemce
250 2440 289 2469 V.
313 2449 324 2469 1

832 1429 961 1457 There⁷s
989 1433 1042 1457 not
1069 1430 1121 1457 the
1149 1429 1286 1457 smallest
1310 1430 1365 1457 orb
1388 1430 1485 1456 which

946 1468 1019 1495 thou
1042 1468 1200 1502 behold'st,

833 1507 894 1534 But
909 1507 939 1534 in
956 1507 1002 1534 his
1019 1507 1132 1534 motion
1151 1507 1210 1534 like
1226 1516 1264 1534 an
1279 1506 1368 1543 angel
1384 1507 1484 1542 sings·,

830 1563 903 1593 also
922 1562 988 1600 Job
1002 1562 1051 1603 38.
1067 1571 1084 1601 7
1101 1563 1206 1593 “The
1224 1562 1380 1601 morning
1397 1568 1484 1593 stars

830 1616 916 1645 sang
934 1606 1090 1646 together
1103 1607 1138 1643 ”;
1165 1606 1231 1636 and
1249 1608 1294 1636 N.
1313 1608 1358 1637 J).
1379 1607 1425 1636 ΙΙ.
1448 1615 1480 1636 11

829 1661 975 1690 quarum
998 1651 1202 1691 (stcllarum)
1224 1655 1338 1680 tantus
1353 1655 1400 1680 cst
1414 1661 1486 1680 con-

829 1699 943 1724 centus
959 1705 1001 1724 ex
1022 1695 1262 1724 dissimillimis
1284 1695 1430 1724 motibus.
1444 1712 1485 1716 ——

832 1738 911 1768 ille:
938 1738 1379 1769 sc.smms.—intervallis
1406 1762 1413 1768 .
1441 1761 1448 1768 .
1475 1761 1483 1768 .

831 1782 1042 1812 distinctis:
1084 1782 1140 1812 the
1172 1781 1323 1812 doctrine
1356 1782 1393 1812 of
1427 1782 1485 1812 the

831 1826 1028 1866 “harmony
1052 1826 1089 1855 of
1113 1826 1170 1856 the
1195 1826 1363 1865 spheres'’
1388 1836 1484 1856 came

830 1870 920 1900 from
947 1870 1168 1911 Pythagoras,
1195 1870 1269 1900 who
1294 1870 1402 1900 found
1427 1870 1485 1900 the

830 1913 895 1955 key
909 1914 946 1943 of
963 1914 1020 1944 the
1036 1914 1193 1944 universe
1210 1914 1242 1944 in
1262 1913 1404 1944 number
1416 1912 1486 1944 and

830 1958 907 1988 who
930 1958 1050 1997 taught
1073 1958 1149 1988 that
1170 1958 1227 1988 the
1250 1957 1417 1999 harmony
1433 1968 1486 1988 ex-

830 2002 931 2041 isting
956 2002 989 2032 in
1014 2002 1072 2032 the
1097 2002 1257 2032 relations
1282 2002 1349 2032 and
1375 2011 1486 2032 move·

831 2051 943 2076 ments
961 2045 998 2075 of
1021 2045 1079 2076 the
1097 2046 1262 2087 heavenly
1280 2046 1398 2076 bodies
1416 2056 1485 2076 was

830 2089 935 2120 based
960 2099 1051 2129 upon
1074 2089 1131 2119 the
1155 2090 1334 2130 principles
1354 2090 1392 2119 of
1416 2100 1485 2120 mu-

830 2134 912 2164 sical
934 2133 1243 2175 harmony.—pro
1267 2157 1274 2163 .
1302 2157 1309 2163 .
1336 2157 1343 2164 .
1365 2139 1483 2174 parte,

823 2179 1157 2217 p›·0pa7‘t1'01111l{1¹.—
1170 2178 1325 2214 ratione,
1344 2179 1382 2217 by
1400 2178 1484 2213 rule,

830 2222 958 2260 exaclly
971 2232 981 2253 :
1014 2221 1198 2251 bracketed
1232 2222 1274 2262 by
1308 2222 1483 2251 Meissner.

830 2270 996 2296 —acuta
1015 2288 1022 2294 .
1043 2288 1050 2295 .
1070 2288 1077 2295 .
1097 2265 1287 2305 gravibus,
1306 2266 1382 2303 lagg-le
1402 2265 1484 2295 with

831 2310 894 2338 low
923 2309 1244 2345 notan—incitari,
1273 2310 1408 2339 carried
1431 2320 1483 2338 on.

831 2371 873 2374 -
887 2358 1020 2383 natura
1046 2353 1129 2390 fert,
1147 2355 1175 2383 it
1189 2354 1215 2382 is
1232 2354 1268 2382 in
1289 2353 1486 2382 accos-dame

831 2397 912 2426 with
935 2401 1063 2430 nature,
1085 2397 1234 2426 natm-al,
1246 2415 1289 2418 —
1304 2401 1484 2433 extrema,

831 2441 885 2470 the
905 2444 1067 2470 extremes
1079 2450 1092 2475 ‚·
1117 2439 1250 2478 subject
1275 2440 1311 2469 of
1335 2445 1483 2470 sonent.

1520 695 1541 728 ὗἸ

1514 738 1552 767 ll)
