1669 2698
97 1279 132 1309 17

174 145 221 183 16
575 149 623 181 M.
655 149 808 180 TVLLI
847 149 1138 181 CICERONIS

166 270 281 322 ipsos
304 283 328 309 a
351 269 506 321 quibus
528 270 661 309 audiri
686 283 840 309 nomen
866 278 1061 309 nostrum
1084 276 1243 321 potest,
1267 284 1393 310 nemo
1416 271 1540 311 unius

163 340 265 380 anni
291 340 539 380 memoriam
572 340 774 392 consequi
805 341 954 392 possit.
1021 341 1231 380 Homines
1265 342 1377 380 enim
1412 355 1540 393 popu-

164 411 308 452 lariter
345 425 504 452 annum
544 418 713 451 tantum
757 411 883 451 modo
922 411 1035 458 solis,
1077 412 1117 451 id
1156 419 1220 452 est
1260 412 1385 452 unius
1422 412 1538 461 astri,

164 483 302 523 reditu
336 483 596 531 metiuntur;
630 495 726 521 cum
754 489 898 522 autem
925 483 977 522 ad
1009 481 1120 523 idem
1148 483 1261 523 unde
1288 483 1420 523 semel
1449 497 1540 535 pro-

163 555 276 594 fecta
301 561 401 594 sunt
428 561 583 594 cuncta
606 560 721 593 astra
749 553 965 601 redierint,
991 554 1255 606 eandemque
1277 555 1410 594 totius
1434 553 1539 594 caeli

163 625 483 678 discriptionem
515 624 653 677 longis
682 624 915 665 intervallis
942 625 1198 672 rettulerint,
1225 632 1317 665 turn
1346 625 1413 665 ille
1441 639 1540 665 vere

161 704 335 737 vertens
361 711 501 737 annus
527 697 729 749 appellari
754 703 919 748 potest;
953 697 994 735 in
1025 710 1109 748 quo
1136 697 1204 736 vix
1234 696 1374 736 dicere
1402 697 1539 737 audeo

162 782 288 821 quam
322 768 457 808 multa
490 767 713 807 hominum
749 767 918 808 saecula
952 774 1191 808 teneantur.
1260 769 1458 820 Namque
1492 775 1537 808 ut

162 839 260 879 olim
288 839 473 879 deficere
501 840 563 879 sol
592 839 836 879 hominibus
864 838 1165 891 exstinguique
1192 838 1308 878 visus
1334 846 1410 886 est,
1441 853 1537 878 cum

164 910 336 950 Romuli
371 911 538 950 animus
574 911 678 950 haec
718 911 807 962 ipsa
844 911 885 949 in
923 910 1083 962 templa
1119 910 1374 962 penetravit,
1410 924 1539 962 quan-

160 983 300 1034 doque
338 982 391 1021 ab
431 983 578 1022 eadem
615 988 737 1033 parte
775 982 837 1021 sol
877 982 1113 1034 eodemque
1148 989 1345 1033 tempore
1383 982 1536 1021 iterum

160 1052 378 1101 defecerit,
414 1060 507 1092 tum
541 1053 675 1105 signis
710 1052 908 1093 omnibus
940 1053 993 1092 ad
1027 1052 1282 1105 principium
1319 1052 1538 1104 stellisque

161 1124 370 1164 revocatis
407 1124 624 1176 expletum
661 1137 821 1164 annum
856 1124 1041 1172 habeto;
1080 1123 1201 1164 cuius
1235 1125 1404 1176 quidem
1438 1123 1538 1164 anni

159 1196 350 1235 nondum
384 1195 628 1236 vicesimam
662 1203 827 1247 partem
863 1195 972 1235 scito
1005 1209 1099 1235 esse
1132 1209 1396 1236 conversam.

223 1266 439 1320 Quocirca
472 1268 506 1307 si
539 1268 723 1307 reditum
757 1268 799 1306 in
834 1267 948 1307 hunc
982 1267 1121 1307 locum
1155 1266 1461 1319 desperaveris,
1495 1266 1536 1306 in

159 1353 243 1391 quo
279 1339 420 1378 omnia
459 1345 558 1378 sunt
599 1338 765 1390 magnis
803 1345 845 1378 et
884 1338 1204 1390 praestantibus
1240 1338 1349 1385 viris,
1388 1337 1537 1390 quanti

158 1411 332 1451 tandem
365 1417 430 1451 est
462 1410 544 1450 ista
576 1409 797 1449 hominum
831 1409 965 1462 gloria
998 1423 1106 1462 quae
1138 1410 1352 1462 pertinere
1383 1409 1451 1448 vix
1483 1409 1536 1448 ad

202 1547 255 1577 16.
289 1547 402 1578 unius
435 1547 522 1577 anni
537 1556 543 1576 :
580 1547 637 1576 the
670 1557 812 1585 magnus

157 1602 277 1625 annus,
296 1591 401 1621 called
423 1590 532 1620 below
549 1600 637 1620 vere
657 1596 811 1620 vertens

158 1644 302 1672 annus;
327 1634 369 1664 cf.
388 1635 493 1664 Ml).
519 1634 566 1663 II.
587 1642 621 1674 51
649 1645 810 1673 magnum

156 1689 285 1708 amium
308 1702 313 1707 .
335 1702 339 1707 .
359 1703 364 1708 .
382 1679 442 1718 qui
464 1683 534 1707 lum
560 1678 711 1717 afficitur,
736 1689 809 1708 cum

156 1724 236 1752 solis
252 1727 282 1752 ct
296 1723 398 1752 lunae
415 1727 445 1751 et
456 1723 605 1761 quinque
617 1723 808 1751 errantium

156 1767 204 1796 ad
216 1767 349 1796 eandem
373 1767 462 1795 inter
480 1776 512 1795 se
532 1767 809 1803 comparationem

157 1821 213 1840 con
232 1811 307 1840 actis
339 1810 488 1839 omnium
514 1811 631 1848 spatiis
655 1814 701 1839 est
714 1810 811 1849 sacta

157 1855 332 1883 mummio.
395 1854 485 1890 Quae
513 1864 611 1893 qnam
642 1854 738 1893 longa
771 1855 815 1883 sit

158 1908 280 1935 magna
295 1898 439 1937 quaestio
452 1902 506 1932 est,
521 1908 586 1926 csse
599 1908 676 1927 vero
688 1902 809 1927 certam

156 1946 187 1970 et
215 1941 385 1980 dcfim'lflm
417 1951 540 1971 necesse
571 1946 626 1970 est.
638 1960 681 1963 —
695 1951 811 1981 popu-

157 1985 282 2015 lariter
296 1994 302 2014 :
320 1986 341 2014 i.
350 1996 374 2014 e.
388 1985 529 2014 without
541 1985 705 2015 scientific
719 1995 813 2015 accu-

158 2038 243 2069 racy.
255 2047 298 2050 —
309 2029 355 2058 ad
371 2029 482 2065 idem,
498 2033 528 2058 lo
541 2029 595 2058 [lle
607 2030 810 2068 samepoint.

156 2073 509 2112 —discriptionern‚
564 2077 810 2112 arraaeggrement,

157 2115 225 2146 and
254 2127 292 2146 so
320 2117 520 2155 suggesting
544 2121 814 2155 appearance.—

156 2165 329 2190 vertens:
348 2159 430 2190 used
445 2160 646 2201 reflexively.
658 2179 699 2182 —
710 2165 813 2190 tene-

157 2209 267 2234 antur
280 2214 287 2234 :
328 2204 382 2234 for
416 2205 660 2234 confinemztmn
673 2223 713 2225 —
726 2212 811 2234 cum

159 2248 334 2278 Romuli.
349 2271 356 2277 .
371 2271 378 2277 .
391 2247 622 2288 penetravit:
637 2247 724 2277 cide
735 2249 811 2286 Res.

158 2292 205 2321 II.
235 2300 269 2330 17
296 2302 333 2321 ac
356 2292 521 2321 Romulus
544 2302 617 2320 cum
644 2296 760 2330 septem
786 2296 816 2321 et

157 2336 298 2375 tmgrinta
328 2336 531 2373 regnavisset
555 2345 661 2365 annos
684 2339 714 2365 et
737 2336 813 2365 llaec

157 2380 286 2418 [gregia
301 2379 591 2418 duofirmamenta
607 2379 814 2417 reipublicae

151 2423 342 2462 peperisset,
361 2423 509 2461 auspicia
525 2427 555 2452 et
566 2426 729 2457 senatum,
743 2427 813 2451 tan-

879 1551 948 1576 tum
959 1551 1005 1576 est
1014 1551 1202 1577 consecutus
1213 1551 1258 1582 ut,
1270 1557 1342 1576 cnm
1356 1546 1459 1575 subito
1469 1546 1534 1576 sole

879 1591 1044 1620 obscurato
1059 1601 1123 1620 non
1138 1591 1381 1629 comparuisset,
1396 1590 1531 1619 deorum

879 1635 916 1664 in
937 1645 1076 1664 numero
1093 1635 1276 1664 conlocatus
1289 1638 1535 1673 plllllrelllr.—-

880 1678 1124 1718 quandoque:
1164 1678 1218 1707 for
1250 1677 1534 1717 quandocumque.

879 1722 1066 1752 —eadem
1085 1727 1190 1761 parte
1210 1744 1218 1751 .
1238 1745 1245 1751 .
1266 1745 1273 1751 .
1292 1726 1477 1761 tempore:
1499 1721 1533 1751 in

880 1765 938 1795 the
955 1775 1050 1796 same
1068 1770 1140 1805 part
1159 1765 1196 1795 of
1219 1765 1276 1795 the
1299 1765 1447 1795 heavens
1467 1765 1532 1795 and

881 1819 925 1839 on
953 1809 1011 1840 the
1037 1819 1130 1840 same
1158 1808 1222 1850 day
1246 1809 1283 1839 of
1308 1808 1365 1838 the
1392 1818 1534 1849 year.—

880 1854 1045 1894 quidem,
1059 1854 1214 1884 however.
1227 1853 1449 1884 —nondum
1469 1875 1477 1882 .
1498 1875 1504 1882 .
1525 1875 1532 1882 .

880 1907 1122 1928 conversam:
1148 1897 1236 1927 from
1261 1897 1318 1927 the
1339 1896 1533 1927 traditional

880 1941 958 1972 date
978 1941 1014 1971 of
1040 1941 1218 1971 Romulus*
1239 1940 1351 1975 death,
1374 1939 1437 1980 716
1459 1948 1532 1976 ΒΩ,

880 1990 916 2015 to
931 1985 988 2016 the
999 1985 1173 2025 supposed
1185 1985 1264 2015 time
1276 1984 1313 2014 of
1326 1984 1392 2014 this
1407 1983 1532 2019 dream,

884 2038 944 2068 149
977 2037 1050 2065 13.C.‚
1086 2028 1198 2059 would
1237 2028 1279 2058 be
1321 2028 1378 2069 567
1420 2037 1533 2068 years;

884 2073 941 2113 567
961 2080 983 2103 ><
1004 2082 1043 2103 20
1059 2085 1089 2098 z
1111 2081 1236 2113 11,340.
1262 2071 1337 2102 The
1350 2076 1443 2111 great
1457 2081 1535 2112 year

881 2116 1049 2147 exceeded
1062 2116 1128 2146 this
1140 2115 1283 2146 number
1296 2115 1361 2145 and
1377 2125 1444 2145 was
1458 2124 1534 2154 sup-

880 2160 987 2200 posed
1020 2165 1055 2190 to
1090 2160 1189 2200 equal
1223 2159 1312 2189 from
1350 2167 1465 2195 12,000
1497 2163 1533 2188 to

886 2212 999 2244 15‚000
1029 2203 1188 2244 ordinary
1220 2212 1336 2244 years;
1375 2202 1418 2232 cf.
1451 2202 1530 2231 Tac.

880 2248 976 2277 Dial.
1020 2246 1067 2278 16.
1118 2245 1416 2276 Mathematicians
1456 2255 1533 2275 now

882 2291 1006 2321 reckon
1025 2290 1082 2321 the
1104 2289 1221 2331 period
1242 2295 1276 2320 at
1299 2299 1315 2319 2
1322 2297 1416 2329 5‚ooo
1436 2298 1531 2330 years

881 2345 919 2365 or
936 2344 1039 2365 more.

925 2378 976 2409 17.
1011 2378 1171 2409 reditum
1187 2400 1194 2408 .
1211 2401 1218 2408 .
1235 2400 1242 2407 .
1257 2377 1400 2408 locum:
1425 2375 1467 2406 cf.
1483 2384 1532 2405 10.

881 2422 1077 2462 *quantu
1103 2423 1144 2462 of
1160 2422 1233 2451 lzow
1254 2421 1339 2451 little
1364 2419 1532 2451 worth.—
