1669 2698
74 1558 114 1587 58

148 82 203 120 44
558 76 607 108 M.
638 77 792 108 TVLLI
826 77 1118 110 CICERONIS

148 196 182 235 si
216 197 317 236 nihil
352 198 528 238 haberet
561 199 729 238 animus
766 198 959 245 hominis,
997 200 1076 238 nisi
1110 207 1156 239 ut
1189 206 1411 251 appeteret
1448 207 1519 239 aut

148 268 329 320 fugeret,
375 270 416 308 id
460 283 630 322 quoque
684 277 796 310 esset
842 271 879 309 ei
935 283 1162 310 commune
1207 284 1303 310 cum
1358 270 1516 310 bestiis.

150 339 295 380 Habet
339 340 522 391 primum
578 340 837 388 memoriam,
885 349 926 380 et
970 333 1062 381 eam
1117 341 1323 381 infinitam
1378 355 1518 382 rerum

146 410 529 458 innumerabilium,
557 426 682 464 quam
708 412 879 464 quidem
909 413 1029 452 Plato
1059 413 1397 452 recordationem
1426 426 1520 453 esse

144 482 232 521 volt
262 483 372 521 vitae
401 482 640 534 superioris.
710 484 822 522 Nam
852 483 893 522 in
926 483 995 523 illo
1027 483 1142 531 libro,
1174 484 1244 536 qui
1276 483 1519 523 inscribitur

148 554 322 600 Menon,
358 554 580 605 pusionem
620 555 833 606 quendam
879 555 1080 595 Socrates
1125 554 1356 607 interrogat
1397 569 1520 607 quae-

144 625 240 664 dam
268 624 529 677 geometrica
552 627 604 665 de
628 625 893 667 dimensione
918 627 1125 679 quadrati.
1190 628 1262 667 Ad
1286 641 1334 667 ea
1362 628 1420 667 sic
1449 626 1518 667 ille

145 697 387 747 respondet,
419 704 463 736 ut
493 711 610 749 puer,
642 705 683 738 et
720 705 863 738 tamen
893 698 951 739 ita
981 699 1129 740 faciles
1159 698 1517 751 interrogationes

144 774 243 807 sunt
283 775 326 807 ut
364 769 573 820 gradatim
614 770 879 821 respondens
919 771 1068 810 eodem
1107 770 1326 822 perveniat
1361 784 1444 822 quo
1484 771 1516 809 si

741 842 805 880 Ex
842 856 926 894 quo
962 842 1071 882 effici
1108 843 1194 881 volt
1233 842 1433 882 Socrates
1469 849 1515 881 ut

1055 914 1195 966 Quem
1222 913 1361 953 locum
1380 913 1515 953 multo

142 840 402 890 geometrica
440 840 671 880 didicisset.

143 909 305 950 discere
329 910 430 949 nihil
456 911 568 951 aliud
593 911 645 952 sit
662 912 741 952 nisi
765 914 987 953 recordari.

143 981 269 1021 etiam
297 982 538 1022 accuratius
563 983 745 1035 explicat
776 984 816 1023 in
845 998 895 1024 eo
919 998 1117 1026 sermone
1141 999 1265 1037 quem
1294 985 1441 1024 habuit
1465 998 1515 1024 eo

143 1052 233 1104 ipso
265 1052 332 1093 die
362 1067 446 1105 quo
477 1055 658 1094 excessit
692 1069 715 1095 e
746 1055 858 1104 vita;
903 1057 1027 1097 docet
1059 1057 1172 1096 enim
1208 1056 1412 1109 quemvis,
1444 1057 1514 1108 qui

141 1125 331 1164 omnium
368 1138 507 1165 rerum
550 1127 664 1166 rudis
701 1141 797 1168 esse
841 1128 1046 1175 Videatur,
1087 1129 1197 1168 bene
1233 1129 1513 1180 interroganti

142 1197 472 1247 respondentem
516 1198 733 1239 declarare
777 1212 822 1238 se
861 1213 946 1239 non
980 1207 1071 1239 tum
1117 1200 1185 1239 illa
1227 1199 1402 1246 discere,
1439 1200 1513 1240 sed

141 1266 455 1307 reminiscendo
488 1282 810 1322 recognoscere,
856 1284 937 1310 nec
980 1285 1079 1311 vero
1125 1271 1215 1311 fieri
1259 1271 1344 1310 ullo
1387 1271 1514 1311 modo

140 1352 266 1389 posse
300 1346 345 1378 ut
380 1353 403 1379 a
436 1341 577 1391 pueris
609 1348 672 1380 tot
702 1355 844 1382 rerum
877 1349 1006 1394 atque
1037 1350 1255 1382 tantarum
1290 1342 1440 1382 insitas
1470 1350 1511 1383 et

139 1409 259 1461 quasi
279 1409 553 1463 consignatas
572 1412 612 1450 in
632 1412 783 1452 animis
802 1413 1011 1461 notiones,
1033 1428 1138 1466 quas
1162 1412 1324 1455 ἐννοίας
1343 1421 1512 1462 vocant,

138 1480 404 1527 haberemus,
432 1481 511 1521 nisi
533 1483 714 1531 animus,
739 1491 840 1524 ante
862 1499 987 1537 quam
1014 1484 1055 1524 in
1075 1499 1228 1537 corpus
1252 1485 1510 1533 intravisset,

139 1552 179 1590 in
212 1565 352 1591 rerum
385 1553 629 1605 cognitione
661 1554 877 1607 viguisset.
946 1557 1142 1609 Cumque
1171 1556 1273 1596 nihil
1304 1564 1432 1603 esset,
1464 1564 1509 1596 ut

138 1622 335 1663 omnibus
364 1624 466 1664 locis
494 1638 518 1664 a
548 1626 724 1666 Platone
754 1627 977 1667 disseritur
1005 1627 1124 1681 (nihil
1152 1627 1264 1667 enim
1293 1628 1360 1667 ille
1387 1635 1510 1679 putat

137 1707 231 1733 esse
270 1696 382 1746 quod
422 1695 582 1735 oriatur
620 1704 661 1736 et
702 1698 895 1746 intereat,
934 1699 1062 1751 idque
1095 1699 1230 1739 solum
1265 1712 1361 1739 esse
1396 1700 1510 1751 quod

136 1778 305 1816 semper
352 1766 436 1806 tale
483 1766 537 1806 sit
586 1768 709 1820 quale
757 1776 849 1818 est;
906 1767 1023 1808 ἰδέαν
1068 1770 1253 1821 appellat
1300 1770 1380 1817 ille,
1430 1783 1509 1810 nos

136 1890 183 1909 we
209 1879 335 1909 should
360 1886 477 1920 expect
503 1882 563 1911 llas
586 1884 673 1912 enim
692 1894 701 1917 ‚·
732 1884 789 1914 the

135 1928 253 1953 neuter
272 1924 389 1955 makes
414 1925 470 1955 the
492 1927 689 1965 expression
713 1937 788 1967 gen-

136 1967 465 2009 eraLtlzingsostltis
475 1970 566 1999 kind.
579 1971 705 2001 —nisi
725 1994 732 2001 .
752 1994 759 2001 .

135 2011 305 2051 fugeret:
330 2014 376 2042 ιζε.
390 2023 479 2043 mere
497 2014 623 2043 animal
639 2014 786 2045 instinct.

177 2055 232 2086 57.
266 2056 452 2095 primum:
501 2063 536 2087 to
576 2057 642 2088 this
684 2068 788 2088 corre-

134 2098 264 2138 sponds
311 2100 426 2139 quid?
472 2101 533 2131 illa
572 2102 641 2137 vis,
683 2102 788 2132 61.—

134 2151 220 2172 esse
239 2143 327 2179 volt,
343 2145 521 2184 imm-prm
541 2146 723 2184 (explains)
739 2158 785 2176 as.

133 2186 226 2216 —in
259 2210 267 2217 .
301 2210 308 2217 .
343 2211 350 2217 .
383 2189 476 2219 libro
507 2212 514 2219 .
545 2212 552 2219 .
583 2212 590 2219 .
622 2190 784 2221 Menon:

135 2231 257 2266 Μένων,
269 2228 287 2268 ἢ
303 2234 373 2270 περὶ
385 2233 506 2269 ἀρετῆς,
519 2243 548 2272 p.
562 2233 663 2263 82.-—
673 2244 785 2274 quae-

134 2274 220 2304 dam
246 2277 489 2314 geometrica,
512 2288 598 2307 some
619 2279 785 2317 questions

133 2319 170 2346 in
203 2324 380 2358 geometm‘.
396 2331 546 2360 —quo:
591 2331 635 2351 sc.
669 2327 784 2360 perve-

134 2362 347 2393 nissen—in
383 2386 390 2393 .
471 2387 478 2394 .
514 2374 710 2396 sermone:
748 2366 781 2396 in

858 1884 914 1914 the
937 1885 1069 1915 Phaedo
1088 1896 1117 1925 p.
1140 1894 1179 1924 72
1202 1896 1228 1915 e.
1247 1904 1287 1907 —-
1306 1886 1506 1920 declarare.

856 1929 971 1958 shows.
991 1948 1032 1951 —
1050 1930 1309 1970 consignatas,
1346 1931 1506 1964 recorded,

858 1974 1039 2011 registered.
1049 1972 1228 2007 -ἑννοίας
1239 1985 1244 2002 ;
1257 1973 1300 2015 by
1311 1974 1376 2003 this
1387 1975 1506 2004 Cicero

857 2026 973 2046 means
1001 2017 1058 2047 the
1082 2018 1197 2047 lunate
1220 2018 1309 2048 ideas
1334 2018 1370 2047 of
1400 2018 1505 2053 Plato,

856 2059 915 2090 but
949 2060 1005 2090 the
1041 2066 1125 2091 term
1158 2071 1223 2091 was
1255 2061 1339 2092 used
1375 2061 1417 2102 by
1449 2062 1505 2091 the

857 2104 967 2134 Stoics
998 2104 1031 2134 in
1067 2104 1236 2135 reference
1272 2110 1307 2135 to
1344 2106 1434 2135 ideas
1469 2105 1507 2135 of

855 2148 1004 2178 externa]
1023 2147 1154 2188 objects
1175 2148 1336 2179 obtained
1357 2149 1503 2187 through

855 2191 911 2222 the
935 2202 1061 2222 senses.
1111 2192 1236 2222 Plato's
1268 2194 1384 2223 innate
1415 2193 1504 2222 ideas

853 2245 938 2265 were
963 2236 1196 2266 recollections
1224 2236 1311 2265 from
1336 2246 1356 2266 a
1378 2235 1504 2266 former

851 2279 1030 2309 existence.

896 2322 950 2352 58.
984 2323 1074 2353 nihil
1113 2329 1226 2359 esset,
1261 2324 1403 2363 nothing
1435 2323 1506 2353 had

849 2377 869 2396 a
894 2367 968 2397 real
988 2367 1319 2407 existence—quod
1351 2376 1503 2407 semper
