1669 2698
200 129 255 168 92
611 123 659 154 M.
691 123 844 154 TVLLI
879 122 1170 154 CICERONIS

202 243 538 294 sempiterniun5
586 251 756 295 portum
806 242 948 294 potius
996 250 1191 294 paratum
1237 244 1359 283 nobis
1403 251 1444 283 et
1488 258 1576 296 per-

128 315 365 367 119fugium
414 321 627 366 putemus.
712 315 809 366 Quo
860 313 1021 353 utinam
1068 314 1172 354 velis
1222 314 1359 365 passis
1402 315 1576 366 pervehi

202 386 348 425 liceat!
415 386 491 425 Sin
527 385 776 425 reflantibus
808 385 948 424 ventis
982 385 1217 432 reiciemur,
1252 392 1396 425 tamen
1428 387 1575 427 eodem

200 458 326 509 paulo
374 456 538 497 tardius
590 456 827 496 referamur
876 469 1055 496 11666556
1103 463 1178 496 est.
1264 457 1390 509 Quod
1432 465 1575 497 autem

201 528 398 568 omnibus
437 541 616 568 11666556
654 534 730 574 est,
772 527 871 566 idne
915 528 1117 567 miserum
1157 541 1251 567 esse
1292 528 1362 567 uni
1400 529 1575 580 potest?

205 599 353 639 Habes
391 599 620 651 epilogum,
659 612 713 638 ne
749 597 851 650 quid
887 599 1235 650 praetermissum
1273 606 1343 639 aut
1381 600 1574 640 relictum

201 677 341 722 puteS.

261 743 312 781 A.
362 742 455 794 Ego
482 755 594 789 vero,
625 748 665 780 et
691 740 862 793 quidem
892 741 993 781 fecit
1023 742 1150 781 etiam
1180 743 1260 782 iste
1288 756 1355 781 me
1383 741 1576 794 epilogus

203 813 443 854 firmiorem.

261 885 326 924 sps.
372 884 559 936 Optime,
601 884 786 936 inquam.
857 884 942 924 Sed
982 898 1096 924 1111116
1136 885 1307 937 quidem
1346 884 1577 925 valetudini

202 955 438 995 tribuamus
473 955 644 1008 aliquid,
681 970 774 995 cras
811 962 970 1003 autem,
1006 963 1047 996 et
1082 963 1184 1008 quot
1221 956 1311 996 dies
1345 955 1502 996 erimus
1534 956 1575 995 in

201 1026 461 1074 Tusculano,
496 1041 676 1079 agamus
712 1027 819 1067 haec
852 1034 893 1067 et
929 1041 977 1066 ea
1011 1026 1295 1078 potissimum,
1330 1040 1438 1078 quae
1470 1027 1574 1066 leva-

202 1099 361 1137 tionem
390 1098 575 1138 habeant
604 1098 934 1151 aegritudinum,
966 1098 1253 1146 formidinum,
1282 1097 1575 1150 cupiditatum,

202 1170 272 1221 qui
303 1169 417 1209 omni
447 1183 470 1209 6
501 1169 769 1221 philosophia
800 1176 863 1209 est
896 1170 1063 1209 fructus
1094 1170 1345 1210 uberrimus.

202 1273 242 1303 cf.
263 1274 301 1303 (lc
325 1275 399 1303 Seu.
424 1283 459 1312 71
489 1279 533 1309 nl,
571 1285 633 1313 qno
650 1275 794 1313 propius
813 1274 861 1303 ad
924 1284 987 1313 quo
1008 1275 1038 1303 sl'
1055 1297 1060 1302 .
1081 1298 1086 1303 .
1106 1297 1111 1302 .
1130 1274 1234 1309 liceat,
1253 1274 1413 1312 optimum
1437 1279 1490 1309 est,
1512 1275 1575 1309 sin,

202 1322 336 1348 mortem
383 1320 544 1353 accedam,
593 1319 692 1358 qnasi
727 1322 853 1347 terram
924 1322 986 1347 etc.
1001 1330 1006 1347 z
1024 1327 1079 1347 see
1091 1318 1183 1347 Lane
1197 1325 1341 1347 2021.—
1353 1317 1575 1348 reflantibus

201 1362 312 1391 videre
364 1362 481 1391 videar
533 1363 781 1401 aliquandaqm’
818 1363 855 1391 in
923 1361 1058 1395 ventis.
1099 1365 1256 1400 contrary
1307 1362 1426 1391 winds.
1444 1380 1486 1382 —
1504 1371 1575 1401 ego

202 1410 336 1444 soa-tum
366 1417 405 1435 cx
429 1407 526 1443 langa
557 1407 768 1443 naquatsaue
790 1416 856 1435 esse
923 1414 1035 1435 vero:
1064 1414 1109 1435 56.
1142 1404 1463 1444 habea—aliquid,
1490 1416 1576 1435 some

202 1454 363 1478 venturus
378 1460 388 1482 ,·
422 1450 533 1479 notice
563 1449 619 1478 the
649 1449 854 1479 alliteration
921 1450 1007 1478 time.
1022 1457 1172 1485 —cras‚
1201 1453 1262 1478 etc.
1278 1460 1283 1477 :
1320 1459 1375 1479 see
1410 1449 1490 1478 Intr.
1526 1458 1574 1484 22,

201 1493 234 1522 in
253 1498 402 1532 portum
422 1493 548 1533 potius
569 1516 575 1522 .
597 1516 603 1522 .
624 1516 631 1522 .
650 1498 842 1532 putemus.
924 1502 973 1532 23,
988 1492 1405 1533 32-35.——Tusculan0:
1424 1503 1480 1523 see
1494 1493 1573 1522 Intr.

248 1536 320 1566 119.
355 1537 433 1567 sin:
476 1537 542 1567 this
576 1537 603 1566 is
639 1536 721 1566 used
758 1536 853 1566 when
926 1536 972 1566 16.
987 1555 1030 1558 ——
1043 1546 1204 1576 agamus
1237 1538 1342 1573 haec,
1370 1537 1415 1566 let
1439 1548 1477 1566 ns
1504 1547 1575 1566 con-

202 1591 220 1610 a
252 1581 380 1610 second
420 1580 629 1610 conditional
668 1580 787 1619 period
826 1580 854 1610 15
921 1581 1011 1610 sider
1026 1581 1111 1610 these
1127 1582 1300 1620 questions.
1312 1599 1355 1602 »—
1368 1580 1452 1620 qui:
1471 1580 1574 1610 refers

202 1624 354 1664 opposed
379 1629 413 1654 to
436 1625 493 1654 the
518 1624 598 1654 first.
646 1625 719 1654 The
737 1624 807 1653 first
826 1624 853 1654 is
921 1629 956 1653 to
976 1624 1031 1653 the
1049 1624 1232 1663 preceding
1256 1625 1381 1659 clause,
1400 1623 1459 1654 but
1478 1623 1573 1654 takes

202 1668 281 1698 here
294 1668 433 1708 implied
450 1668 483 1698 in
502 1678 575 1708 quo
592 1691 598 1697 .
616 1691 623 1697 .
639 1691 646 1698 .
661 1668 784 1705 liceat,
797 1669 852 1697 lle.
920 1668 962 1697 its
980 1667 1108 1707 gender
1123 1667 1209 1697 from
1230 1668 1387 1698 fructus.
