1669 2698
156 144 208 186 34
562 139 610 174 M.
642 140 795 174 Tvtti
829 141 1121 175 c1cERoN1s

152 261 340 302 animum
373 276 418 303 se
448 263 606 304 habere
637 278 722 304 non
754 264 922 311 sentiat,
950 265 1056 305 alter
1088 264 1144 305 ita
1174 265 1410 306 delectatur
1436 264 1524 305 suis

1418 337 1526 376 Har-

152 405 336 446 moniam
359 413 504 446 autem
539 420 589 446 ex
622 407 855 447 intervallis
887 421 1088 447 sonorum
1120 421 1247 448 nosse
1279 422 1522 459 possumus,

151 490 331 529 quorum
362 478 476 517 varia
508 477 760 530 compositio
791 478 918 518 etiam
946 478 1189 519 harmonias
1213 479 1341 519 efficit
1366 479 1525 531 pluris;

152 334 348 374 cantibus
373 341 418 374 ut
444 348 516 375 eos
539 335 665 375 etiam
689 337 742 375 ad
767 336 871 376 haec
899 336 1132 376 transferre
1157 343 1346 377 conetur.

151 549 439 589 membrorum
471 562 571 590 vero
600 549 708 589 situs
740 556 779 590 et
812 550 950 602 figura
979 550 1167 602 corporis
1198 564 1354 590 vacans
1382 551 1524 590 animo

151 633 276 672 quam
316 620 450 672 possit
491 621 756 661 harmoniam
796 621 966 662 efficere
999 635 1084 661 non
1124 621 1261 662 video.
1329 622 1415 662 Sed
1454 621 1521 662 hic

150 692 334 743 quidem,
369 692 562 744 quamvis
596 692 788 732 eruditus
823 693 890 740 sit,
925 692 1033 732 sicut
1068 700 1144 740 est,
1180 693 1286 733 haec
1319 692 1524 746 magistro

151 764 355 803 concedat
382 763 622 812 Aristoteli,
648 777 800 804 canere
830 764 922 816 ipse
946 765 1107 804 doceat.
1177 765 1294 805 Bene
1318 764 1428 805 enim
1454 764 1524 804 illo

151 835 413 875 Graecorum
436 835 660 887 proverbio
684 836 941 887 praecipitur
960 850 967 876 :

176 917 330 964 Quam
362 917 567 965 quisque
598 917 733 955 norit
765 919 927 962 artem,
963 917 1008 954 in
1040 918 1131 955 hac
1161 930 1211 955 se
1241 917 1482 955 exerceat.

104 1019 110 1025 ·
152 1005 271 1045 Illam
317 1018 417 1045 vero
455 1005 650 1045 funditus
695 1005 896 1045 eiciamus
941 1005 1251 1046 individuorum
1296 1019 1521 1057 corporum

148 1076 303 1116 levium
341 1083 383 1116 et
429 1078 709 1117 rotundorum
754 1076 1079 1117 concursionem
1120 1076 1354 1125 fortuitam,
1392 1091 1518 1129 quam

147 1154 291 1187 tamen
333 1148 610 1188 Democritus
644 1149 978 1189 concalefactam
1014 1155 1055 1188 et
1091 1147 1344 1200 spirabilem,
1382 1148 1422 1188 id
1456 1156 1521 1188 est

148 1219 386 1267 animalem,
407 1233 501 1259 esse
525 1219 624 1259 volt.
693 1220 736 1260 Is
758 1226 902 1260 autem
926 1220 1104 1267 animuS,
1128 1219 1198 1271 qui
1223 1219 1256 1259 si
1279 1227 1344 1259 est
1369 1219 1519 1260 horum

147 1297 349 1342 quattuor
378 1303 599 1342 generum,
633 1304 683 1330 ex
713 1291 868 1343 quibus
902 1292 1042 1331 omnia
1073 1298 1273 1331 constare
1305 1291 1516 1339 dicuntur,

149 1375 198 1401 ex
247 1362 510 1402 inflammata
557 1362 698 1402 anima
745 1369 928 1410 constat,
973 1369 1018 1402 ut
1070 1362 1339 1415 potissimum
1388 1362 1519 1404 videri

148 1432 269 1472 video
309 1433 519 1480 Panaetio,
558 1434 776 1486 superiora
815 1441 1008 1486 capessat
1048 1447 1226 1475 necesse
1259 1441 1334 1474 est.
1405 1434 1519 1474 Nihil

148 1547 189 1567 an
215 1537 368 1577 example
393 1537 430 1567 of
454 1537 593 1578 synesis,
622 1537 800 1579 employed

148 1591 185 1611 as
202 1581 227 1610 if
246 1582 492 1611 Dicaearchum
511 1587 542 1611 et
557 1582 796 1612 Aristoxenum

148 1625 214 1654 had
250 1624 432 1664 preceded;
473 1625 514 1655 cf.
550 1625 640 1655 Phil.
678 1635 724 1655 12.
760 1635 776 1655 2

911 1537 965 1569 42.
996 1539 1200 1571 eiciamus:
1226 1550 1245 1570 a
1257 1545 1377 1580 strong
1389 1550 1520 1580 expres-

867 1583 954 1620 sion,
982 1583 1145 1625 probably
1172 1584 1260 1614 from
1293 1584 1349 1614 the
1378 1584 1518 1620 theater,

867 1636 1098 1668 synonymous
1116 1628 1194 1657 with
1212 1629 1362 1658 deridere
1380 1628 1446 1658 and
1467 1639 1519 1658 ex-

148 1670 244 1699 Sulla
262 1679 334 1698 cum
350 1669 499 1708 Scipione
513 1692 519 1697 .
535 1693 540 1699 .
557 1693 562 1699 .
577 1670 797 1700 contulerunt.

147 1731 190 1735 —
216 1713 278 1752 qui
312 1735 320 1742 .
354 1735 362 1742 .
396 1735 404 1742 .
437 1713 596 1743 sentiat:
633 1723 653 1743 a
683 1714 798 1744 causal

148 1756 381 1787 clause—ad
413 1758 526 1787 haec:
566 1759 617 1787 i.e.
647 1762 682 1787 to
714 1758 798 1788 such

148 1800 395 1840 philosophical
413 1800 622 1831 discussions
637 1811 674 1831 as
692 1801 797 1832 these.

148 1862 190 1865 —-
208 1844 433 1875 intervallis:
480 1844 632 1885 literally,
689 1850 798 1885 spaces

148 1889 284 1918 between
296 1899 310 1924 ‚·
338 1888 498 1928 referring
526 1894 562 1918 to
587 1889 644 1919 the
670 1890 800 1929 regular

149 1942 344 1962 recurrence
368 1932 405 1962 of
430 1932 487 1962 the
511 1932 641 1963 sounds
673 1934 800 1972 (sono-

149 1976 257 2014 rum).
271 1994 314 1998 ——
326 1977 563 2017 compositio,
586 1977 798 2017 adjnstment.

148 2020 317 2050 —haecz
349 2030 405 2050 see
441 2025 519 2050 note
556 2030 601 2050 on
635 2022 682 2050 ad
712 2022 799 2057 llaec,

149 2063 458 2094 above—canere
473 2064 555 2104 ipse
570 2065 722 2095 doceat:
745 2066 797 2095 ale.

149 2107 234 2138 stick
266 2113 301 2138 to
333 2108 386 2138 his
416 2108 798 2148 profession.—quam

150 2174 156 2180 .
173 2174 180 2181 .
196 2174 203 2181 .
220 2157 409 2182 exerceat:
430 2162 473 2182 an
488 2152 610 2183 iambic
628 2152 798 2189 trimeter;

148 2194 190 2225 cf.
216 2195 389 2236 Aristoph.
423 2196 511 2235 Vesp.
542 2205 618 2236 1431
647 2195 729 2234 ἔρδοι
754 2208 800 2227 τις

147 2236 187 2275 ἣν
202 2240 335 2270 ἕκαστος
351 2240 445 2277 εἰδείη
462 2240 584 2278 τέχνην
599 2251 605 2277 ;
626 2239 694 2269 and
714 2240 797 2270 Hor.

149 2283 211 2322 Ep.
239 2283 265 2312 Ι.
296 2292 341 2321 14.
367 2293 408 2321 44
439 2294 539 2323 quam
574 2285 635 2314 scit
663 2288 799 2323 uterque

147 2327 250 2356 libens
262 2328 389 2357 censebo
401 2332 549 2357 exerceat
558 2332 662 2358 artem
675 2338 688 2363 ,·
716 2327 797 2357 Plin.

148 2370 192 2399 ΙΙ.
207 2371 251 2400 Ν.
277 2371 425 2400 XXXV.
454 2370 495 2411 85
517 2382 556 2400 ue
575 2376 678 2410 supra
699 2373 798 2410 crepi-

145 2414 221 2443 dam
242 2418 342 2443 sutor.

866 1672 1011 1709 plodere.
1020 1690 1051 1693 —
1059 1671 1215 1702 levium:
1231 1681 1287 1702 see
1296 1672 1430 1707 levibus,
1440 1681 1477 1702 22
1488 1682 1518 1702 n.

866 1733 909 1736 —
924 1716 1185 1746 Democritus:
1205 1725 1261 1746 see
1281 1724 1418 1745 2211.—-
1431 1724 1520 1746 con-

867 1759 1090 1789 calefactam
1119 1764 1154 1789 et
1181 1759 1410 1799 spirabilem,
1439 1770 1519 1789 com-

870 1803 974 1841 posecl
1002 1803 1121 1843 ‹fffire
1144 1804 1216 1833 ancl
1243 1804 1324 1837 air,-
1358 1803 1519 1843 referring

866 1847 1133 1887 grammatically
1159 1852 1194 1877 to
1218 1847 1516 1884 concursionem,

867 1890 927 1920 but
973 1890 1132 1931 logically
1172 1896 1207 1921 to
1251 1900 1517 1931 corporum.—

867 1934 1088 1965 animalem:
1122 1934 1163 1964 cf.
1188 1936 1375 1965 animales.
1401 1959 1407 1964 .
1434 1936 1520 1974 ,spi-

869 1978 998 2014 rabiles,
1024 1979 1276 2015 4o.—horum
1303 2002 1310 2008 .
1338 2002 1345 2008 .
1373 2001 1379 2008 .
1406 1988 1518 2019 gene-

868 2031 971 2052 rum:
997 2023 1046 2052 i.e⁴
1064 2022 1101 2051 of
1124 2032 1188 2063 any
1211 2032 1276 2052 one
1300 2022 1336 2052 of
1361 2022 1519 2052 them,—

867 2065 1102 2096 inflammata
1150 2066 1298 2096 anima:
1333 2066 1390 2096 the
1425 2066 1518 2096 Stoic

868 2109 1009 2151 theory;
1037 2110 1077 2139 cf.
1103 2111 1241 2145 Zenoni,
1264 2119 1300 2148 19
1321 2110 1518 2140 n.——Pan-

867 2154 982 2184 aetio:
1005 2153 1186 2183 Panaetius
1209 2153 1246 2183 of
1269 2153 1408 2183 Rhodes
1428 2153 1516 2193 (circ.

870 2196 1012 2227 180—111
1047 2197 1125 2237 Bc)
1159 2197 1191 2228 in
1224 2197 1281 2227 the
1312 2197 1412 2227 latter
1442 2201 1516 2236 part

866 2240 904 2270 of
934 2241 985 2271 his
1012 2241 1070 2271 life
1098 2251 1165 2271 was
1192 2241 1248 2271 the
1276 2240 1364 2271 head
1395 2240 1432 2270 of
1459 2240 1516 2271 the

868 2284 960 2314 Stoic
981 2285 1100 2315 school
1122 2284 1156 2314 in
1178 2284 1319 2314 Athens.
1369 2284 1516 2315 Cicero's

866 2329 903 2358 de
927 2329 1050 2368 Officiis
1076 2338 1141 2358 was
1165 2327 1322 2358 modeled
1348 2328 1433 2358 after
1458 2328 1515 2357 Pa-

866 2372 1009 2402 naetius'
1031 2372 1121 2402 work
1145 2382 1190 2401 on
1212 2373 1316 2411 Duty.
1330 2380 1515 2411 —capes-

867 2421 941 2447 sat:
968 2426 1090 2446 necesse
1116 2420 1162 2446 est
1191 2415 1219 2446 is
1242 2415 1411 2456 generally
1430 2415 1513 2446 used
