<?xml version="1.0" encoding="UTF-8"?>
<!DOCTYPE html PUBLIC "-//W3C//DTD XHTML 1.0 Transitional//EN"
    "http://www.w3.org/TR/xhtml1/DTD/xhtml1-transitional.dtd">
<html xmlns="http://www.w3.org/1999/xhtml" xml:lang="en" lang="en">
 <head>
  <title>
</title>
<meta http-equiv="Content-Type" content="text/html;charset=utf-8" />
  <meta name='ocr-system' content='tesseract 3.04.00' />
  <meta name='ocr-capabilities' content='ocr_page ocr_carea ocr_par ocr_line ocrx_word'/>
</head>
<body>
  <div class='ocr_page' id='page_1' title='image "./tusculanarumd00ciceuoft_0179.png"; bbox 0 0 1674 2698; ppageno 0'>
   <div class='ocr_carea' id='block_1_1' title="bbox 502 122 1472 171">
    <p class='ocr_par' dir='ltr' id='par_1_1' title="bbox 502 122 1472 171">
     <span class='ocr_line' id='line_1_1' title="bbox 502 122 1472 171; baseline 0.001 -15"><span class='ocrx_word' id='word_1_1' title='bbox 502 122 757 157; x_wconf 71' lang='lat' dir='ltr'>SOMNIVM</span> <span class='ocrx_word' id='word_1_2' title='bbox 793 124 1064 157; x_wconf 70' lang='lat' dir='ltr'>scwwms</span> <span class='ocrx_word' id='word_1_3' title='bbox 1449 129 1472 171; x_wconf 94' lang='lat'><em>7</em></span> 
     </span>
    </p>
   </div>
   <div class='ocr_carea' id='block_1_2' title="bbox 89 235 1475 1159">
    <p class='ocr_par' dir='ltr' id='par_1_2' title="bbox 92 235 1475 514">
     <span class='ocr_line' id='line_1_2' title="bbox 92 235 1470 300; baseline -0.001 -12"><span class='ocrx_word' id='word_1_4' title='bbox 92 245 178 288; x_wconf 83' lang='lat' dir='ltr'>vita</span> <span class='ocrx_word' id='word_1_5' title='bbox 201 235 317 288; x_wconf 80' lang='lat' dir='ltr'>mors</span> <span class='ocrx_word' id='word_1_6' title='bbox 341 253 419 288; x_wconf 89' lang='lat' dir='ltr'>est.</span> <span class='ocrx_word' id='word_1_7' title='bbox 489 246 605 300; x_wconf 78' lang='lat' dir='ltr'>Quin</span> <span class='ocrx_word' id='word_1_8' title='bbox 629 253 675 287; x_wconf 84' lang='lat' dir='ltr'>tu</span> <span class='ocrx_word' id='word_1_9' title='bbox 698 246 855 299; x_wconf 82' lang='lat' dir='ltr'>aspicis</span> <span class='ocrx_word' id='word_1_10' title='bbox 878 247 930 286; x_wconf 79' lang='lat' dir='ltr'>ad</span> <span class='ocrx_word' id='word_1_11' title='bbox 955 254 998 287; x_wconf 84' lang='lat' dir='ltr'>tc</span> <span class='ocrx_word' id='word_1_12' title='bbox 1022 247 1267 287; x_wconf 80' lang='lat' dir='ltr'>venientem</span> <span class='ocrx_word' id='word_1_13' title='bbox 1296 247 1470 287; x_wconf 76' lang='lat' dir='ltr'>Paulum</span> 
     </span>
     <span class='ocr_line' id='line_1_3' title="bbox 92 318 1475 372; baseline -0.001 -13"><span class='ocrx_word' id='word_1_14' title='bbox 92 326 257 371; x_wconf 80' lang='lat' dir='ltr'>patrem</span> <span class='ocrx_word' id='word_1_15' title='bbox 275 318 315 358; x_wconf 87' lang='lat'>?’</span> <span class='ocrx_word' id='word_1_16' title='bbox 382 318 525 372; x_wconf 78' lang='lat' dir='ltr'>Quem</span> <span class='ocrx_word' id='word_1_17' title='bbox 555 325 600 358; x_wconf 87' lang='lat' dir='ltr'>ut</span> <span class='ocrx_word' id='word_1_18' title='bbox 625 318 720 366; x_wconf 83' lang='lat' dir='ltr'>vidi,</span> <span class='ocrx_word' id='word_1_19' title='bbox 748 318 945 371; x_wconf 75' lang='lat' dir='ltr'>equidem</span> <span class='ocrx_word' id='word_1_20' title='bbox 970 319 1054 358; x_wconf 75' lang='lat' dir='ltr'>vim</span> <span class='ocrx_word' id='word_1_21' title='bbox 1088 319 1355 359; x_wconf 70' lang='lat' dir='ltr'>lacrimarum</span> <span class='ocrx_word' id='word_1_22' title='bbox 1384 333 1475 370; x_wconf 71' lang='lat' dir='ltr'>pro-</span> 
     </span>
     <span class='ocr_line' id='line_1_4' title="bbox 92 390 1473 443; baseline -0.001 -13"><span class='ocrx_word' id='word_1_23' title='bbox 92 390 193 437; x_wconf 85' lang='lat' dir='ltr'>fudi,</span> <span class='ocrx_word' id='word_1_24' title='bbox 240 390 309 431; x_wconf 92' lang='lat' dir='ltr'>ille</span> <span class='ocrx_word' id='word_1_25' title='bbox 350 396 495 431; x_wconf 80' lang='lat' dir='ltr'>autem</span> <span class='ocrx_word' id='word_1_26' title='bbox 543 403 612 430; x_wconf 92' lang='lat' dir='ltr'>me</span> <span class='ocrx_word' id='word_1_27' title='bbox 655 390 905 442; x_wconf 83' lang='lat' dir='ltr'>complexus</span> <span class='ocrx_word' id='word_1_28' title='bbox 952 396 1082 443; x_wconf 83' lang='lat' dir='ltr'>atquc</span> <span class='ocrx_word' id='word_1_29' title='bbox 1129 390 1328 430; x_wconf 80' lang='lat' dir='ltr'>osculans</span> <span class='ocrx_word' id='word_1_30' title='bbox 1372 390 1473 430; x_wconf 82' lang='lat' dir='ltr'>flere</span> 
     </span>
     <span class='ocr_line' id='line_1_5' title="bbox 92 462 355 514; baseline 0.008 -14"><span class='ocrx_word' id='word_1_31' title='bbox 92 462 355 514; x_wconf 81' lang='lat' dir='ltr'>prohibebat.</span> 
     </span>
    </p>

    <p class='ocr_par' dir='ltr' id='par_1_3' title="bbox 89 532 1474 1159">
     <span class='ocr_line' id='line_1_6' title="bbox 154 532 1469 587; baseline -0.002 -13"><span class='ocrx_word' id='word_1_32' title='bbox 154 534 303 586; x_wconf 83' lang='lat' dir='ltr'>Atque</span> <span class='ocrx_word' id='word_1_33' title='bbox 326 547 406 587; x_wconf 88' lang='lat' dir='ltr'>ego</span> <span class='ocrx_word' id='word_1_34' title='bbox 431 540 476 574; x_wconf 88' lang='lat' dir='ltr'>ut</span> <span class='ocrx_word' id='word_1_35' title='bbox 501 532 686 586; x_wconf 90' lang='lat' dir='ltr'>primurn</span> <span class='ocrx_word' id='word_1_36' title='bbox 706 532 811 574; x_wconf 90' lang='lat' dir='ltr'>fletu</span> <span class='ocrx_word' id='word_1_37' title='bbox 830 546 1029 586; x_wconf 88' lang='lat' dir='ltr'>represso</span> <span class='ocrx_word' id='word_1_38' title='bbox 1051 532 1167 586; x_wconf 86' lang='lat' dir='ltr'>loqui</span> <span class='ocrx_word' id='word_1_39' title='bbox 1190 547 1316 586; x_wconf 77' lang='lat' dir='ltr'>posse</span> <span class='ocrx_word' id='word_1_40' title='bbox 1340 532 1469 585; x_wconf 83' lang='lat' dir='ltr'>coepi,</span> 
     </span>
     <span class='ocr_line' id='line_1_7' title="bbox 95 604 1474 658; baseline -0.001 -13"><span class='ocrx_word' id='word_1_41' title='bbox 95 613 103 629; x_wconf 86' lang='lat'><em>‘</em></span> <span class='ocrx_word' id='word_1_42' title='bbox 120 604 294 658; x_wconf 80' lang='lat' dir='ltr'>Quaeso</span> <span class='ocrx_word' id='word_1_43' title='bbox 312 604 320 619; x_wconf 91' lang='lat'>’</span> <span class='ocrx_word' id='word_1_44' title='bbox 344 604 526 658; x_wconf 79' lang='lat' dir='ltr'>inquam,</span> <span class='ocrx_word' id='word_1_45' title='bbox 558 612 702 657; x_wconf 83' lang='lat' dir='ltr'>‘pater</span> <span class='ocrx_word' id='word_1_46' title='bbox 730 604 1002 645; x_wconf 83' lang='lat' dir='ltr'>sanctissime</span> <span class='ocrx_word' id='word_1_47' title='bbox 1023 612 1154 657; x_wconf 79' lang='lat' dir='ltr'>atque</span> <span class='ocrx_word' id='word_1_48' title='bbox 1176 604 1349 656; x_wconf 83' lang='lat' dir='ltr'>optime,</span> <span class='ocrx_word' id='word_1_49' title='bbox 1374 618 1474 656; x_wconf 85' lang='lat' dir='ltr'>quo-</span> 
     </span>
     <span class='ocr_line' id='line_1_8' title="bbox 92 676 1472 728; baseline -0.001 -12"><span class='ocrx_word' id='word_1_50' title='bbox 92 677 204 716; x_wconf 77' lang='lat' dir='ltr'>niam</span> <span class='ocrx_word' id='word_1_51' title='bbox 223 677 329 716; x_wconf 87' lang='lat' dir='ltr'>haec</span> <span class='ocrx_word' id='word_1_52' title='bbox 347 683 411 717; x_wconf 92' lang='lat' dir='ltr'>est</span> <span class='ocrx_word' id='word_1_53' title='bbox 431 676 529 724; x_wconf 81' lang='lat' dir='ltr'>vita,</span> <span class='ocrx_word' id='word_1_54' title='bbox 549 683 594 716; x_wconf 93' lang='lat' dir='ltr'>ut</span> <span class='ocrx_word' id='word_1_55' title='bbox 613 676 869 717; x_wconf 79' lang='lat' dir='ltr'>Africanum</span> <span class='ocrx_word' id='word_1_56' title='bbox 889 676 1014 717; x_wconf 82' lang='lat' dir='ltr'>audio</span> <span class='ocrx_word' id='word_1_57' title='bbox 1033 676 1188 724; x_wconf 87' lang='lat' dir='ltr'>dicere,</span> <span class='ocrx_word' id='word_1_58' title='bbox 1208 677 1307 728; x_wconf 85' lang='lat' dir='ltr'>quid</span> <span class='ocrx_word' id='word_1_59' title='bbox 1332 690 1472 715; x_wconf 86' lang='lat' dir='ltr'>moror</span> 
     </span>
     <span class='ocr_line' id='line_1_9' title="bbox 91 747 1470 801; baseline -0.001 -13"><span class='ocrx_word' id='word_1_60' title='bbox 91 749 132 788; x_wconf 90' lang='lat' dir='ltr'>in</span> <span class='ocrx_word' id='word_1_61' title='bbox 161 749 320 789; x_wconf 91' lang='lat' dir='ltr'>terris?</span> <span class='ocrx_word' id='word_1_62' title='bbox 348 748 451 801; x_wconf 91' lang='lat' dir='ltr'>quin</span> <span class='ocrx_word' id='word_1_63' title='bbox 482 748 566 788; x_wconf 91' lang='lat' dir='ltr'>huc</span> <span class='ocrx_word' id='word_1_64' title='bbox 595 749 648 788; x_wconf 82' lang='lat' dir='ltr'>ad</span> <span class='ocrx_word' id='word_1_65' title='bbox 680 762 756 788; x_wconf 85' lang='lat' dir='ltr'>vos</span> <span class='ocrx_word' id='word_1_66' title='bbox 781 749 927 789; x_wconf 87' lang='lat' dir='ltr'>venire</span> <span class='ocrx_word' id='word_1_67' title='bbox 952 747 1190 800; x_wconf 87' lang='lat' dir='ltr'>propero?’</span> <span class='ocrx_word' id='word_1_68' title='bbox 1255 748 1376 787; x_wconf 87' lang='lat' dir='ltr'>‘Non</span> <span class='ocrx_word' id='word_1_69' title='bbox 1407 755 1470 788; x_wconf 85' lang='lat' dir='ltr'>cst</span> 
     </span>
     <span class='ocr_line' id='line_1_10' title="bbox 90 819 1469 873; baseline -0.001 -13"><span class='ocrx_word' id='word_1_70' title='bbox 90 820 148 860; x_wconf 84' lang='lat' dir='ltr'>ita</span> <span class='ocrx_word' id='word_1_71' title='bbox 165 819 173 834; x_wconf 89' lang='lat'>&#39;</span> <span class='ocrx_word' id='word_1_72' title='bbox 197 819 333 873; x_wconf 91' lang='lat' dir='ltr'>inquit</span> <span class='ocrx_word' id='word_1_73' title='bbox 358 819 437 860; x_wconf 88' lang='lat' dir='ltr'>ille.</span> <span class='ocrx_word' id='word_1_74' title='bbox 507 828 516 844; x_wconf 87' lang='lat'>‘</span> <span class='ocrx_word' id='word_1_75' title='bbox 535 819 629 860; x_wconf 88' lang='lat' dir='ltr'>Nisi</span> <span class='ocrx_word' id='word_1_76' title='bbox 653 819 766 860; x_wconf 92' lang='lat' dir='ltr'>enim</span> <span class='ocrx_word' id='word_1_77' title='bbox 798 820 905 860; x_wconf 90' lang='lat' dir='ltr'>deus</span> <span class='ocrx_word' id='word_1_78' title='bbox 933 820 981 868; x_wconf 87' lang='lat' dir='ltr'>is,</span> <span class='ocrx_word' id='word_1_79' title='bbox 1006 820 1127 859; x_wconf 89' lang='lat' dir='ltr'>cuius</span> <span class='ocrx_word' id='word_1_80' title='bbox 1154 820 1235 859; x_wconf 89' lang='lat' dir='ltr'>hoc</span> <span class='ocrx_word' id='word_1_81' title='bbox 1262 819 1469 870; x_wconf 76' lang='lat' dir='ltr'>templum</span> 
     </span>
     <span class='ocr_line' id='line_1_11' title="bbox 91 890 1472 944; baseline -0.002 -12"><span class='ocrx_word' id='word_1_82' title='bbox 91 899 155 932; x_wconf 90' lang='lat' dir='ltr'>est</span> <span class='ocrx_word' id='word_1_83' title='bbox 179 905 307 932; x_wconf 90' lang='lat' dir='ltr'>omne</span> <span class='ocrx_word' id='word_1_84' title='bbox 330 892 444 944; x_wconf 92' lang='lat' dir='ltr'>quod</span> <span class='ocrx_word' id='word_1_85' title='bbox 468 892 693 944; x_wconf 87' lang='lat' dir='ltr'>conspicis,</span> <span class='ocrx_word' id='word_1_86' title='bbox 720 891 811 932; x_wconf 86' lang='lat' dir='ltr'>istis</span> <span class='ocrx_word' id='word_1_87' title='bbox 830 898 874 931; x_wconf 91' lang='lat' dir='ltr'>te</span> <span class='ocrx_word' id='word_1_88' title='bbox 893 892 1083 943; x_wconf 87' lang='lat' dir='ltr'>corporis</span> <span class='ocrx_word' id='word_1_89' title='bbox 1102 890 1308 931; x_wconf 86' lang='lat' dir='ltr'>custodiis</span> <span class='ocrx_word' id='word_1_90' title='bbox 1327 890 1472 930; x_wconf 70' lang='lat' dir='ltr'>libcra-</span> 
     </span>
     <span class='ocr_line' id='line_1_12' title="bbox 89 962 1468 1015; baseline -0.003 -11"><span class='ocrx_word' id='word_1_91' title='bbox 89 963 207 1012; x_wconf 86' lang='lat' dir='ltr'>Verit,</span> <span class='ocrx_word' id='word_1_92' title='bbox 234 964 318 1004; x_wconf 91' lang='lat' dir='ltr'>huc</span> <span class='ocrx_word' id='word_1_93' title='bbox 340 962 419 1004; x_wconf 88' lang='lat' dir='ltr'>tibi</span> <span class='ocrx_word' id='word_1_94' title='bbox 441 964 582 1004; x_wconf 80' lang='lat' dir='ltr'>aditus</span> <span class='ocrx_word' id='word_1_95' title='bbox 605 970 754 1015; x_wconf 78' lang='lat' dir='ltr'>patere</span> <span class='ocrx_word' id='word_1_96' title='bbox 781 977 868 1003; x_wconf 91' lang='lat' dir='ltr'>non</span> <span class='ocrx_word' id='word_1_97' title='bbox 895 969 1053 1015; x_wconf 89' lang='lat' dir='ltr'>potest.</span> <span class='ocrx_word' id='word_1_98' title='bbox 1120 962 1334 1002; x_wconf 82' lang='lat' dir='ltr'>Homines</span> <span class='ocrx_word' id='word_1_99' title='bbox 1357 962 1468 1001; x_wconf 83' lang='lat' dir='ltr'>enim</span> 
     </span>
     <span class='ocr_line' id='line_1_13' title="bbox 90 1034 1468 1088; baseline -0.002 -13"><span class='ocrx_word' id='word_1_100' title='bbox 90 1042 189 1075; x_wconf 89' lang='lat' dir='ltr'>sunt</span> <span class='ocrx_word' id='word_1_101' title='bbox 213 1036 294 1076; x_wconf 82' lang='lat' dir='ltr'>hac</span> <span class='ocrx_word' id='word_1_102' title='bbox 316 1035 412 1088; x_wconf 86' lang='lat' dir='ltr'>lege</span> <span class='ocrx_word' id='word_1_103' title='bbox 433 1034 642 1088; x_wconf 79' lang='lat' dir='ltr'>generati,</span> <span class='ocrx_word' id='word_1_104' title='bbox 662 1034 735 1088; x_wconf 89' lang='lat' dir='ltr'>qui</span> <span class='ocrx_word' id='word_1_105' title='bbox 754 1041 986 1076; x_wconf 86' lang='lat' dir='ltr'>tuerentur</span> <span class='ocrx_word' id='word_1_106' title='bbox 1007 1034 1125 1074; x_wconf 87' lang='lat' dir='ltr'>illum</span> <span class='ocrx_word' id='word_1_107' title='bbox 1148 1034 1323 1087; x_wconf 84' lang='lat' dir='ltr'>globum</span> <span class='ocrx_word' id='word_1_108' title='bbox 1343 1047 1468 1086; x_wconf 77' lang='lat' dir='ltr'>quem</span> 
     </span>
     <span class='ocr_line' id='line_1_14' title="bbox 90 1104 1470 1159; baseline -0.002 -12"><span class='ocrx_word' id='word_1_109' title='bbox 90 1107 131 1147; x_wconf 94' lang='lat' dir='ltr'>in</span> <span class='ocrx_word' id='word_1_110' title='bbox 164 1107 246 1147; x_wconf 92' lang='lat' dir='ltr'>hoc</span> <span class='ocrx_word' id='word_1_111' title='bbox 275 1107 439 1159; x_wconf 89' lang='lat' dir='ltr'>templo</span> <span class='ocrx_word' id='word_1_112' title='bbox 472 1107 659 1147; x_wconf 91' lang='lat' dir='ltr'>medium</span> <span class='ocrx_word' id='word_1_113' title='bbox 687 1107 820 1155; x_wconf 88' lang='lat' dir='ltr'>vides,</span> <span class='ocrx_word' id='word_1_114' title='bbox 851 1120 960 1159; x_wconf 78' lang='lat' dir='ltr'>quae</span> <span class='ocrx_word' id='word_1_115' title='bbox 992 1113 1107 1146; x_wconf 78' lang='lat' dir='ltr'>terra</span> <span class='ocrx_word' id='word_1_116' title='bbox 1137 1105 1307 1153; x_wconf 87' lang='lat' dir='ltr'>dicitur,</span> <span class='ocrx_word' id='word_1_117' title='bbox 1336 1104 1470 1157; x_wconf 80' lang='lat' dir='ltr'>iisque</span> 
     </span>
    </p>
   </div>
   <div class='ocr_carea' id='block_1_3' title="bbox 88 1177 1469 1232">
    <p class='ocr_par' dir='ltr' id='par_1_4' title="bbox 88 1177 1469 1232">
     <span class='ocr_line' id='line_1_15' title="bbox 88 1177 1469 1232; baseline -0.003 -13"><span class='ocrx_word' id='word_1_118' title='bbox 88 1178 256 1219; x_wconf 79' lang='lat' dir='ltr'>animus</span> <span class='ocrx_word' id='word_1_119' title='bbox 280 1179 407 1219; x_wconf 82' lang='lat' dir='ltr'>datus</span> <span class='ocrx_word' id='word_1_120' title='bbox 431 1185 496 1219; x_wconf 89' lang='lat' dir='ltr'>est</span> <span class='ocrx_word' id='word_1_121' title='bbox 522 1192 574 1219; x_wconf 84' lang='lat' dir='ltr'>ex</span> <span class='ocrx_word' id='word_1_122' title='bbox 600 1178 682 1219; x_wconf 88' lang='lat' dir='ltr'>illis</span> <span class='ocrx_word' id='word_1_123' title='bbox 706 1179 981 1232; x_wconf 81' lang='lat' dir='ltr'>sempiternis</span> <span class='ocrx_word' id='word_1_124' title='bbox 1007 1177 1178 1231; x_wconf 83' lang='lat' dir='ltr'>ignibus</span> <span class='ocrx_word' id='word_1_125' title='bbox 1201 1190 1309 1230; x_wconf 81' lang='lat' dir='ltr'>quac</span> <span class='ocrx_word' id='word_1_126' title='bbox 1333 1177 1469 1216; x_wconf 79' lang='lat' dir='ltr'>sidera</span> 
     </span>
    </p>
   </div>
   <div class='ocr_carea' id='block_1_4' title="bbox 85 1271 746 2453">
    <p class='ocr_par' dir='ltr' id='par_1_5' title="bbox 85 1271 746 2233">
     <span class='ocr_line' id='line_1_16' title="bbox 88 1271 746 1313; baseline 0 -11"><span class='ocrx_word' id='word_1_127' title='bbox 88 1271 130 1302; x_wconf 85' lang='lat' dir='ltr'>cf.</span> <span class='ocrx_word' id='word_1_128' title='bbox 158 1272 250 1302; x_wconf 87' lang='lat' dir='ltr'><em>Tusc.</em></span> <span class='ocrx_word' id='word_1_129' title='bbox 272 1272 298 1302; x_wconf 92' lang='lat' dir='ltr'>I.</span> <span class='ocrx_word' id='word_1_130' title='bbox 321 1280 360 1313; x_wconf 88' lang='grc'>75</span> <span class='ocrx_word' id='word_1_131' title='bbox 380 1276 412 1302; x_wconf 81' lang='lat' dir='ltr'>et</span> <span class='ocrx_word' id='word_1_132' title='bbox 431 1283 504 1302; x_wconf 86' lang='lat' dir='ltr'>cum</span> <span class='ocrx_word' id='word_1_133' title='bbox 527 1272 610 1302; x_wconf 86' lang='lat' dir='ltr'><em>illuc</em></span> <span class='ocrx_word' id='word_1_134' title='bbox 629 1282 670 1302; x_wconf 83' lang='lat' dir='ltr'>ex</span> <span class='ocrx_word' id='word_1_135' title='bbox 693 1272 746 1302; x_wconf 69' lang='lat' dir='ltr'><em>lais</em></span> 
     </span>
     <span class='ocr_line' id='line_1_17' title="bbox 87 1316 746 1356; baseline -0.002 -10"><span class='ocrx_word' id='word_1_136' title='bbox 87 1316 209 1346; x_wconf 80' lang='lat' dir='ltr'><em>vinclis</em></span> <span class='ocrx_word' id='word_1_137' title='bbox 231 1317 345 1346; x_wconf 86' lang='lat' dir='ltr'>emissi</span> <span class='ocrx_word' id='word_1_138' title='bbox 356 1316 526 1356; x_wconf 80' lang='lat' dir='ltr'>feremur,</span> <span class='ocrx_word' id='word_1_139' title='bbox 544 1317 658 1346; x_wconf 80' lang='lat' dir='ltr'><em>minus</em></span> <span class='ocrx_word' id='word_1_140' title='bbox 681 1320 746 1346; x_wconf 74' lang='lat' dir='ltr'><em>tar-</em></span> 
     </span>
     <span class='ocr_line' id='line_1_18' title="bbox 87 1360 744 1396; baseline 0 -6"><span class='ocrx_word' id='word_1_141' title='bbox 87 1360 223 1390; x_wconf 85' lang='lat' dir='ltr'><em>dabitur</em></span> <span class='ocrx_word' id='word_1_142' title='bbox 237 1370 355 1391; x_wconf 84' lang='lat' dir='ltr'><em>cursus</em></span> <span class='ocrx_word' id='word_1_143' title='bbox 370 1361 563 1390; x_wconf 84' lang='lat' dir='ltr'><em>animorum</em></span> <span class='ocrx_word' id='word_1_144' title='bbox 577 1370 590 1396; x_wconf 79' lang='lat'>‚·</span> <span class='ocrx_word' id='word_1_145' title='bbox 615 1360 653 1390; x_wconf 82' lang='lat' dir='ltr'>de</span> <span class='ocrx_word' id='word_1_146' title='bbox 665 1361 744 1390; x_wconf 87' lang='lat' dir='ltr'>Am.</span> 
     </span>
     <span class='ocr_line' id='line_1_19' title="bbox 92 1405 745 1444; baseline -0.002 -10"><span class='ocrx_word' id='word_1_147' title='bbox 92 1412 129 1442; x_wconf 88' lang='lat'>14</span> <span class='ocrx_word' id='word_1_148' title='bbox 160 1408 199 1434; x_wconf 88' lang='lat' dir='ltr'>ut</span> <span class='ocrx_word' id='word_1_149' title='bbox 220 1405 338 1443; x_wconf 80' lang='lat' dir='ltr'><em>optimi</em></span> <span class='ocrx_word' id='word_1_150' title='bbox 363 1405 521 1444; x_wconf 80' lang='lat' dir='ltr'>cuiusque</span> <span class='ocrx_word' id='word_1_151' title='bbox 546 1405 683 1434; x_wconf 81' lang='lat' dir='ltr'><em>animus</em></span> <span class='ocrx_word' id='word_1_152' title='bbox 708 1405 745 1434; x_wconf 83' lang='lat' dir='ltr'>in</span> 
     </span>
     <span class='ocr_line' id='line_1_20' title="bbox 88 1448 746 1488; baseline 0.003 -11"><span class='ocrx_word' id='word_1_153' title='bbox 88 1452 192 1478; x_wconf 85' lang='lat' dir='ltr'><em>morte</em></span> <span class='ocrx_word' id='word_1_154' title='bbox 208 1448 379 1488; x_wconf 86' lang='lat' dir='ltr'>facillime</span> <span class='ocrx_word' id='word_1_155' title='bbox 403 1448 506 1478; x_wconf 79' lang='lat' dir='ltr'><em>evolet</em></span> <span class='ocrx_word' id='word_1_156' title='bbox 529 1452 702 1488; x_wconf 82' lang='lat' dir='ltr'>tamquam</span> <span class='ocrx_word' id='word_1_157' title='bbox 729 1459 746 1479; x_wconf 79' lang='lat' dir='ltr'>e</span> 
     </span>
     <span class='ocr_line' id='line_1_21' title="bbox 87 1492 746 1531; baseline 0 -10"><span class='ocrx_word' id='word_1_158' title='bbox 87 1492 233 1522; x_wconf 87' lang='lat' dir='ltr'><em>custodia</em></span> <span class='ocrx_word' id='word_1_159' title='bbox 271 1492 459 1531; x_wconf 80' lang='lat' dir='ltr'><em>vinclisque</em></span> <span class='ocrx_word' id='word_1_160' title='bbox 499 1493 646 1531; x_wconf 83' lang='lat' dir='ltr'>corporis</span> <span class='ocrx_word' id='word_1_161' title='bbox 654 1502 668 1528; x_wconf 91' lang='lat'>,·</span> <span class='ocrx_word' id='word_1_162' title='bbox 707 1493 746 1522; x_wconf 80' lang='lat' dir='ltr'>de</span> 
     </span>
     <span class='ocr_line' id='line_1_22' title="bbox 87 1535 744 1574; baseline 0.002 -9"><span class='ocrx_word' id='word_1_163' title='bbox 87 1536 163 1566; x_wconf 84' lang='lat' dir='ltr'>Sen.</span> <span class='ocrx_word' id='word_1_164' title='bbox 181 1543 220 1574; x_wconf 95' lang='lat'>77</span> <span class='ocrx_word' id='word_1_165' title='bbox 241 1535 321 1565; x_wconf 90' lang='lat' dir='ltr'>dum</span> <span class='ocrx_word' id='word_1_166' title='bbox 339 1546 457 1565; x_wconf 86' lang='lat' dir='ltr'><em>sumus</em></span> <span class='ocrx_word' id='word_1_167' title='bbox 480 1536 606 1565; x_wconf 77' lang='lat' dir='ltr'><em>inclusi</em></span> <span class='ocrx_word' id='word_1_168' title='bbox 629 1537 665 1565; x_wconf 80' lang='lat' dir='ltr'>in</span> <span class='ocrx_word' id='word_1_169' title='bbox 691 1537 744 1566; x_wconf 76' lang='lat' dir='ltr'>lu&#39;s</span> 
     </span>
     <span class='ocr_line' id='line_1_23' title="bbox 87 1579 742 1619; baseline 0.002 -10"><span class='ocrx_word' id='word_1_170' title='bbox 87 1579 294 1619; x_wconf 76' lang='lat' dir='ltr'>compagibus</span> <span class='ocrx_word' id='word_1_171' title='bbox 310 1580 466 1618; x_wconf 82' lang='lat' dir='ltr'><em>corporis.</em></span> <span class='ocrx_word' id='word_1_172' title='bbox 478 1584 659 1610; x_wconf 87' lang='lat' dir='ltr'>—vestra</span> <span class='ocrx_word' id='word_1_173' title='bbox 679 1603 686 1609; x_wconf 95' lang='lat'>.</span> <span class='ocrx_word' id='word_1_174' title='bbox 707 1603 714 1610; x_wconf 90' lang='lat'>.</span> <span class='ocrx_word' id='word_1_175' title='bbox 733 1603 742 1610; x_wconf 92' lang='lat'><strong>.</strong></span> 
     </span>
     <span class='ocr_line' id='line_1_24' title="bbox 89 1623 742 1664; baseline 0 -11"><span class='ocrx_word' id='word_1_176' title='bbox 89 1632 190 1653; x_wconf 89' lang='lat' dir='ltr'>mors</span> <span class='ocrx_word' id='word_1_177' title='bbox 208 1628 288 1654; x_wconf 86' lang='lat' dir='ltr'>est:</span> <span class='ocrx_word' id='word_1_178' title='bbox 306 1623 348 1654; x_wconf 85' lang='lat' dir='ltr'>cf.</span> <span class='ocrx_word' id='word_1_179' title='bbox 374 1623 465 1653; x_wconf 87' lang='lat' dir='ltr'><em>Tusc.</em></span> <span class='ocrx_word' id='word_1_180' title='bbox 485 1623 512 1653; x_wconf 92' lang='grc' dir='ltr'>Ι.</span> <span class='ocrx_word' id='word_1_181' title='bbox 531 1631 590 1664; x_wconf 80' lang='grc'>75;</span> <span class='ocrx_word' id='word_1_182' title='bbox 611 1624 650 1653; x_wconf 80' lang='lat' dir='ltr'>de</span> <span class='ocrx_word' id='word_1_183' title='bbox 665 1624 742 1654; x_wconf 83' lang='lat' dir='ltr'><em>Sen.</em></span> 
     </span>
     <span class='ocr_line' id='line_1_25' title="bbox 88 1668 743 1707; baseline 0 -9"><span class='ocrx_word' id='word_1_184' title='bbox 88 1676 126 1706; x_wconf 93' lang='lat'>77</span> <span class='ocrx_word' id='word_1_185' title='bbox 169 1677 225 1707; x_wconf 76' lang='lat' dir='ltr'>ego</span> <span class='ocrx_word' id='word_1_186' title='bbox 264 1671 388 1697; x_wconf 83' lang='lat' dir='ltr'>vestros</span> <span class='ocrx_word' id='word_1_187' title='bbox 420 1671 536 1706; x_wconf 81' lang='lat' dir='ltr'>patres</span> <span class='ocrx_word' id='word_1_188' title='bbox 555 1690 561 1696; x_wconf 93' lang='lat'><strong>.</strong></span> <span class='ocrx_word' id='word_1_189' title='bbox 579 1690 586 1696; x_wconf 92' lang='lat'>.</span> <span class='ocrx_word' id='word_1_190' title='bbox 607 1691 613 1697; x_wconf 91' lang='lat'>.</span> <span class='ocrx_word' id='word_1_191' title='bbox 630 1668 743 1698; x_wconf 75' lang='lat' dir='ltr'>vivere</span> 
     </span>
     <span class='ocr_line' id='line_1_26' title="bbox 86 1711 740 1751; baseline 0 -10"><span class='ocrx_word' id='word_1_192' title='bbox 86 1711 243 1747; x_wconf 86' lang='lat' dir='ltr'><em>arbitror,</em></span> <span class='ocrx_word' id='word_1_193' title='bbox 276 1715 309 1741; x_wconf 80' lang='lat' dir='ltr'>et</span> <span class='ocrx_word' id='word_1_194' title='bbox 342 1721 413 1741; x_wconf 80' lang='lat' dir='ltr'>eam</span> <span class='ocrx_word' id='word_1_195' title='bbox 452 1712 584 1751; x_wconf 80' lang='lat' dir='ltr'><em>quidem</em></span> <span class='ocrx_word' id='word_1_196' title='bbox 623 1712 740 1747; x_wconf 83' lang='lat' dir='ltr'><em>vitam,</em></span> 
     </span>
     <span class='ocr_line' id='line_1_27' title="bbox 87 1755 741 1795; baseline 0.003 -11"><span class='ocrx_word' id='word_1_197' title='bbox 87 1765 171 1795; x_wconf 81' lang='lat' dir='ltr'><em>quae</em></span> <span class='ocrx_word' id='word_1_198' title='bbox 188 1760 236 1786; x_wconf 83' lang='lat' dir='ltr'>est</span> <span class='ocrx_word' id='word_1_199' title='bbox 256 1755 324 1785; x_wconf 90' lang='lat' dir='ltr'><em>sola</em></span> <span class='ocrx_word' id='word_1_200' title='bbox 344 1755 415 1784; x_wconf 84' lang='lat' dir='ltr'><em>vita</em></span> <span class='ocrx_word' id='word_1_201' title='bbox 436 1756 647 1786; x_wconf 85' lang='lat' dir='ltr'><em>nominanda</em></span> <span class='ocrx_word' id='word_1_202' title='bbox 659 1765 674 1791; x_wconf 86' lang='lat'>,·</span> <span class='ocrx_word' id='word_1_203' title='bbox 699 1755 741 1786; x_wconf 85' lang='lat' dir='ltr'>cf.</span> 
     </span>
     <span class='ocr_line' id='line_1_28' title="bbox 88 1798 741 1838; baseline 0.002 -10"><span class='ocrx_word' id='word_1_204' title='bbox 88 1798 270 1838; x_wconf 82' lang='lat' dir='ltr'>Augustin.</span> <span class='ocrx_word' id='word_1_205' title='bbox 299 1799 333 1829; x_wconf 90' lang='lat' dir='ltr'>C.</span> <span class='ocrx_word' id='word_1_206' title='bbox 345 1799 390 1829; x_wconf 88' lang='lat' dir='ltr'>D.</span> <span class='ocrx_word' id='word_1_207' title='bbox 407 1799 510 1829; x_wconf 88' lang='lat' dir='ltr'>XIII.</span> <span class='ocrx_word' id='word_1_208' title='bbox 529 1808 567 1830; x_wconf 89' lang='lat'>10</span> <span class='ocrx_word' id='word_1_209' title='bbox 581 1803 588 1816; x_wconf 89' lang='lat'>‘</span> <span class='ocrx_word' id='word_1_210' title='bbox 601 1800 658 1829; x_wconf 74' lang='lat' dir='ltr'>Aa</span> <span class='ocrx_word' id='word_1_211' title='bbox 672 1801 741 1829; x_wconf 82' lang='lat' dir='ltr'><em>vita</em></span> 
     </span>
     <span class='ocr_line' id='line_1_29' title="bbox 87 1843 741 1883; baseline 0.002 -11"><span class='ocrx_word' id='word_1_212' title='bbox 87 1844 283 1873; x_wconf 78' lang='lat' dir='ltr'>mortalium</span> <span class='ocrx_word' id='word_1_213' title='bbox 307 1853 397 1872; x_wconf 85' lang='lat' dir='ltr'><em>mors</em></span> <span class='ocrx_word' id='word_1_214' title='bbox 413 1843 528 1882; x_wconf 75' lang='lat' dir='ltr'><em>potius</em></span> <span class='ocrx_word' id='word_1_215' title='bbox 550 1853 651 1883; x_wconf 80' lang='lat' dir='ltr'><em>quam</em></span> <span class='ocrx_word' id='word_1_216' title='bbox 672 1844 741 1874; x_wconf 76' lang='lat' dir='ltr'><em>vita</em></span> 
     </span>
     <span class='ocr_line' id='line_1_30' title="bbox 87 1886 740 1927; baseline 0.002 -11"><span class='ocrx_word' id='word_1_217' title='bbox 87 1887 223 1916; x_wconf 79' lang='lat' dir='ltr'>dicenda</span> <span class='ocrx_word' id='word_1_218' title='bbox 249 1886 465 1926; x_wconf 83' lang='lat' dir='ltr'>sit.&#39;—quin</span> <span class='ocrx_word' id='word_1_219' title='bbox 485 1910 492 1916; x_wconf 95' lang='lat'>.</span> <span class='ocrx_word' id='word_1_220' title='bbox 515 1909 524 1917; x_wconf 87' lang='lat'><strong>.</strong></span> <span class='ocrx_word' id='word_1_221' title='bbox 546 1909 555 1917; x_wconf 84' lang='lat'><strong>.</strong></span> <span class='ocrx_word' id='word_1_222' title='bbox 577 1887 740 1927; x_wconf 86' lang='lat' dir='ltr'>aspicis:</span> 
     </span>
     <span class='ocr_line' id='line_1_31' title="bbox 87 1929 741 1971; baseline 0.002 -11"><span class='ocrx_word' id='word_1_223' title='bbox 87 1929 141 1960; x_wconf 84' lang='lat' dir='ltr'>for</span> <span class='ocrx_word' id='word_1_224' title='bbox 160 1929 227 1960; x_wconf 84' lang='lat' dir='ltr'>this</span> <span class='ocrx_word' id='word_1_225' title='bbox 252 1940 312 1961; x_wconf 91' lang='lat' dir='ltr'>use</span> <span class='ocrx_word' id='word_1_226' title='bbox 336 1929 374 1960; x_wconf 80' lang='lat' dir='ltr'>of</span> <span class='ocrx_word' id='word_1_227' title='bbox 397 1931 480 1970; x_wconf 85' lang='lat' dir='ltr'><em>quin</em></span> <span class='ocrx_word' id='word_1_228' title='bbox 503 1931 537 1961; x_wconf 93' lang='lat' dir='ltr'>in</span> <span class='ocrx_word' id='word_1_229' title='bbox 563 1931 741 1971; x_wconf 84' lang='lat' dir='ltr'>questions</span> 
     </span>
     <span class='ocr_line' id='line_1_32' title="bbox 87 1973 743 2014; baseline 0.002 -10"><span class='ocrx_word' id='word_1_230' title='bbox 87 1973 279 2014; x_wconf 87' lang='lat' dir='ltr'>intimating</span> <span class='ocrx_word' id='word_1_231' title='bbox 308 1984 328 2004; x_wconf 88' lang='lat' dir='ltr'>a</span> <span class='ocrx_word' id='word_1_232' title='bbox 360 1974 554 2011; x_wconf 84' lang='lat' dir='ltr'>command,</span> <span class='ocrx_word' id='word_1_233' title='bbox 589 1974 743 2005; x_wconf 87' lang='lat' dir='ltr'>exhorta-</span> 
     </span>
     <span class='ocr_line' id='line_1_33' title="bbox 87 2017 743 2060; baseline 0.002 -13"><span class='ocrx_word' id='word_1_234' title='bbox 87 2017 169 2053; x_wconf 89' lang='lat' dir='ltr'>tion,</span> <span class='ocrx_word' id='word_1_235' title='bbox 186 2028 226 2048; x_wconf 89' lang='lat' dir='ltr'>or</span> <span class='ocrx_word' id='word_1_236' title='bbox 247 2018 377 2058; x_wconf 76' lang='lat' dir='ltr'>appeaL</span> <span class='ocrx_word' id='word_1_237' title='bbox 398 2027 455 2048; x_wconf 88' lang='lat' dir='ltr'>see</span> <span class='ocrx_word' id='word_1_238' title='bbox 474 2019 567 2049; x_wconf 80' lang='lat' dir='ltr'>Lane</span> <span class='ocrx_word' id='word_1_239' title='bbox 594 2026 686 2060; x_wconf 86' lang='lat'>1531.</span> <span class='ocrx_word' id='word_1_240' title='bbox 701 2037 743 2041; x_wconf 87' lang='lat'>—</span> 
     </span>
     <span class='ocr_line' id='line_1_34' title="bbox 87 2061 744 2102; baseline 0.003 -11"><span class='ocrx_word' id='word_1_241' title='bbox 87 2061 323 2092; x_wconf 88' lang='lat' dir='ltr'>venientem:</span> <span class='ocrx_word' id='word_1_242' title='bbox 344 2072 408 2102; x_wconf 81' lang='lat' dir='ltr'>quo</span> <span class='ocrx_word' id='word_1_243' title='bbox 417 2065 514 2101; x_wconf 84' lang='lat' dir='ltr'><em>pacto</em></span> <span class='ocrx_word' id='word_1_244' title='bbox 530 2063 713 2093; x_wconf 81' lang='lat' dir='ltr'><em>venientem</em></span> <span class='ocrx_word' id='word_1_245' title='bbox 729 2063 744 2094; x_wconf 81' lang='lat'><em>?</em></span> 
     </span>
     <span class='ocr_line' id='line_1_35' title="bbox 87 2106 741 2145; baseline 0.002 -10"><span class='ocrx_word' id='word_1_246' title='bbox 87 2106 230 2136; x_wconf 86' lang='lat' dir='ltr'><em>Proclus</em></span> <span class='ocrx_word' id='word_1_247' title='bbox 251 2116 324 2136; x_wconf 83' lang='lat' dir='ltr'>cnm</span> <span class='ocrx_word' id='word_1_248' title='bbox 351 2106 545 2145; x_wconf 72' lang='lat' dir='ltr'>porphyrio</span> <span class='ocrx_word' id='word_1_249' title='bbox 567 2107 618 2136; x_wconf 81' lang='lat' dir='ltr'>ait</span> <span class='ocrx_word' id='word_1_250' title='bbox 637 2107 741 2137; x_wconf 77' lang='lat' dir='ltr'><em>lucem</em></span> 
     </span>
     <span class='ocr_line' id='line_1_36' title="bbox 85 2149 741 2191; baseline 0.002 -12"><span class='ocrx_word' id='word_1_251' title='bbox 85 2159 151 2179; x_wconf 83' lang='lat' dir='ltr'>esse</span> <span class='ocrx_word' id='word_1_252' title='bbox 175 2149 364 2180; x_wconf 77' lang='lat' dir='ltr'><em>vehiculum</em></span> <span class='ocrx_word' id='word_1_253' title='bbox 398 2151 597 2181; x_wconf 87' lang='lat' dir='ltr'><em>animarum</em></span> <span class='ocrx_word' id='word_1_254' title='bbox 628 2150 741 2191; x_wconf 85' lang='lat' dir='ltr'>(Mai).</span> 
     </span>
     <span class='ocr_line' id='line_1_37' title="bbox 86 2193 338 2233; baseline 0.004 -10"><span class='ocrx_word' id='word_1_255' title='bbox 86 2193 228 2230; x_wconf 87' lang='lat' dir='ltr'>—vim,</span> <span class='ocrx_word' id='word_1_256' title='bbox 237 2194 338 2233; x_wconf 84' lang='lat' dir='ltr'><em>flooa&#39;.</em></span> 
     </span>
    </p>

    <p class='ocr_par' dir='ltr' id='par_1_6' title="bbox 85 2236 743 2453">
     <span class='ocr_line' id='line_1_38' title="bbox 130 2236 743 2278; baseline 0 -10"><span class='ocrx_word' id='word_1_257' title='bbox 130 2236 163 2268; x_wconf 85' lang='lat'>7.</span> <span class='ocrx_word' id='word_1_258' title='bbox 195 2237 286 2277; x_wconf 91' lang='lat' dir='ltr'>quin</span> <span class='ocrx_word' id='word_1_259' title='bbox 305 2260 312 2268; x_wconf 93' lang='lat'><strong>.</strong></span> <span class='ocrx_word' id='word_1_260' title='bbox 333 2261 340 2268; x_wconf 94' lang='lat'><strong><em>.</em></strong></span> <span class='ocrx_word' id='word_1_261' title='bbox 361 2260 369 2268; x_wconf 86' lang='lat'><strong>.</strong></span> <span class='ocrx_word' id='word_1_262' title='bbox 388 2247 561 2278; x_wconf 85' lang='lat' dir='ltr'>propero,</span> <span class='ocrx_word' id='word_1_263' title='bbox 577 2238 652 2278; x_wconf 81' lang='lat' dir='ltr'>why</span> <span class='ocrx_word' id='word_1_264' title='bbox 666 2249 743 2278; x_wconf 83' lang='lat' dir='ltr'>may</span> 
     </span>
     <span class='ocr_line' id='line_1_39' title="bbox 86 2281 742 2322; baseline 0.003 -12"><span class='ocrx_word' id='word_1_265' title='bbox 86 2281 112 2310; x_wconf 91' lang='lat' dir='ltr'><em>I</em></span> <span class='ocrx_word' id='word_1_266' title='bbox 123 2285 180 2311; x_wconf 91' lang='lat' dir='ltr'>not</span> <span class='ocrx_word' id='word_1_267' title='bbox 193 2281 310 2312; x_wconf 77' lang='lat' dir='ltr'><em>hasten</em></span> <span class='ocrx_word' id='word_1_268' title='bbox 324 2282 340 2312; x_wconf 83' lang='lat'><em>?</em></span> <span class='ocrx_word' id='word_1_269' title='bbox 363 2291 420 2311; x_wconf 88' lang='lat' dir='ltr'>see</span> <span class='ocrx_word' id='word_1_270' title='bbox 437 2283 518 2322; x_wconf 80' lang='lat' dir='ltr'><em>quin</em></span> <span class='ocrx_word' id='word_1_271' title='bbox 538 2306 543 2312; x_wconf 94' lang='lat'>.</span> <span class='ocrx_word' id='word_1_272' title='bbox 563 2305 569 2311; x_wconf 93' lang='lat'><strong>.</strong></span> <span class='ocrx_word' id='word_1_273' title='bbox 588 2305 594 2312; x_wconf 88' lang='lat'><em>.</em></span> <span class='ocrx_word' id='word_1_274' title='bbox 612 2283 742 2321; x_wconf 81' lang='lat' dir='ltr'>aspicis,</span> 
     </span>
     <span class='ocr_line' id='line_1_40' title="bbox 86 2323 743 2365; baseline 0.003 -11"><span class='ocrx_word' id='word_1_275' title='bbox 86 2323 107 2354; x_wconf 87' lang='lat'><strong>6</strong></span> <span class='ocrx_word' id='word_1_276' title='bbox 125 2325 430 2365; x_wconf 86' lang='lat' dir='ltr'>n.—templum:</span> <span class='ocrx_word' id='word_1_277' title='bbox 455 2336 476 2356; x_wconf 88' lang='lat' dir='ltr'>a</span> <span class='ocrx_word' id='word_1_278' title='bbox 495 2326 591 2365; x_wconf 83' lang='lat' dir='ltr'>place</span> <span class='ocrx_word' id='word_1_279' title='bbox 613 2326 667 2356; x_wconf 81' lang='lat' dir='ltr'>for</span> <span class='ocrx_word' id='word_1_280' title='bbox 687 2325 743 2356; x_wconf 93' lang='lat' dir='ltr'>ob-</span> 
     </span>
     <span class='ocr_line' id='line_1_41' title="bbox 85 2368 743 2410; baseline 0.003 -12"><span class='ocrx_word' id='word_1_281' title='bbox 85 2368 259 2398; x_wconf 87' lang='lat' dir='ltr'>servation</span> <span class='ocrx_word' id='word_1_282' title='bbox 278 2369 419 2399; x_wconf 83' lang='lat' dir='ltr'>marked</span> <span class='ocrx_word' id='word_1_283' title='bbox 437 2369 487 2399; x_wconf 83' lang='lat' dir='ltr'>off</span> <span class='ocrx_word' id='word_1_284' title='bbox 502 2369 545 2410; x_wconf 92' lang='lat' dir='ltr'>by</span> <span class='ocrx_word' id='word_1_285' title='bbox 562 2369 620 2400; x_wconf 88' lang='lat' dir='ltr'>the</span> <span class='ocrx_word' id='word_1_286' title='bbox 636 2379 743 2409; x_wconf 88' lang='lat' dir='ltr'>augur</span> 
     </span>
     <span class='ocr_line' id='line_1_42' title="bbox 86 2411 743 2453; baseline 0.005 -12"><span class='ocrx_word' id='word_1_287' title='bbox 86 2411 163 2441; x_wconf 86' lang='lat' dir='ltr'>with</span> <span class='ocrx_word' id='word_1_288' title='bbox 185 2412 238 2443; x_wconf 91' lang='lat' dir='ltr'>his</span> <span class='ocrx_word' id='word_1_289' title='bbox 260 2411 355 2449; x_wconf 79' lang='lat' dir='ltr'>staff;</span> <span class='ocrx_word' id='word_1_290' title='bbox 380 2413 516 2453; x_wconf 89' lang='lat' dir='ltr'>applied</span> <span class='ocrx_word' id='word_1_291' title='bbox 537 2413 610 2444; x_wconf 88' lang='lat' dir='ltr'>also</span> <span class='ocrx_word' id='word_1_292' title='bbox 628 2418 664 2443; x_wconf 94' lang='lat' dir='ltr'>to</span> <span class='ocrx_word' id='word_1_293' title='bbox 685 2413 743 2444; x_wconf 86' lang='lat' dir='ltr'>the</span> 
     </span>
    </p>
   </div>
   <div class='ocr_carea' id='block_1_5' title="bbox 811 1269 1471 2454">
    <p class='ocr_par' dir='ltr' id='par_1_7' title="bbox 811 1269 1471 2454">
     <span class='ocr_line' id='line_1_43' title="bbox 816 1269 1470 1312; baseline -0.005 -10"><span class='ocrx_word' id='word_1_294' title='bbox 816 1271 965 1302; x_wconf 83' lang='lat' dir='ltr'>heavens</span> <span class='ocrx_word' id='word_1_295' title='bbox 991 1281 1028 1302; x_wconf 87' lang='lat' dir='ltr'>as</span> <span class='ocrx_word' id='word_1_296' title='bbox 1053 1270 1189 1301; x_wconf 89' lang='lat' dir='ltr'>divided</span> <span class='ocrx_word' id='word_1_297' title='bbox 1215 1269 1259 1312; x_wconf 89' lang='lat' dir='ltr'>by</span> <span class='ocrx_word' id='word_1_298' title='bbox 1279 1270 1335 1300; x_wconf 85' lang='lat' dir='ltr'>the</span> <span class='ocrx_word' id='word_1_299' title='bbox 1363 1280 1470 1309; x_wconf 87' lang='lat' dir='ltr'>augur</span> 
     </span>
     <span class='ocr_line' id='line_1_44' title="bbox 816 1314 1471 1352; baseline -0.005 -6"><span class='ocrx_word' id='word_1_300' title='bbox 816 1316 914 1346; x_wconf 86' lang='lat' dir='ltr'>when</span> <span class='ocrx_word' id='word_1_301' title='bbox 932 1315 1037 1346; x_wconf 86' lang='lat' dir='ltr'>about</span> <span class='ocrx_word' id='word_1_302' title='bbox 1049 1320 1085 1345; x_wconf 91' lang='lat' dir='ltr'>to</span> <span class='ocrx_word' id='word_1_303' title='bbox 1100 1314 1243 1345; x_wconf 89' lang='lat' dir='ltr'>observe</span> <span class='ocrx_word' id='word_1_304' title='bbox 1260 1315 1317 1345; x_wconf 80' lang='lat' dir='ltr'>the</span> <span class='ocrx_word' id='word_1_305' title='bbox 1331 1324 1448 1344; x_wconf 85' lang='lat' dir='ltr'>omens</span> <span class='ocrx_word' id='word_1_306' title='bbox 1465 1324 1471 1352; x_wconf 87' lang='lat'>;</span> 
     </span>
     <span class='ocr_line' id='line_1_45' title="bbox 814 1358 1467 1400; baseline -0.005 -10"><span class='ocrx_word' id='word_1_307' title='bbox 814 1359 869 1390; x_wconf 82' lang='lat' dir='ltr'>for</span> <span class='ocrx_word' id='word_1_308' title='bbox 893 1360 952 1390; x_wconf 87' lang='lat' dir='ltr'>the</span> <span class='ocrx_word' id='word_1_309' title='bbox 983 1369 1173 1400; x_wconf 87' lang='lat' dir='ltr'>ceremony,</span> <span class='ocrx_word' id='word_1_310' title='bbox 1199 1359 1240 1389; x_wconf 83' lang='lat' dir='ltr'>cf.</span> <span class='ocrx_word' id='word_1_311' title='bbox 1268 1359 1338 1388; x_wconf 91' lang='lat' dir='ltr'>Liv.</span> <span class='ocrx_word' id='word_1_312' title='bbox 1367 1358 1391 1388; x_wconf 85' lang='lat' dir='ltr'>I.</span> <span class='ocrx_word' id='word_1_313' title='bbox 1422 1358 1467 1388; x_wconf 85' lang='lat'>18.</span> 
     </span>
     <span class='ocr_line' id='line_1_46' title="bbox 815 1402 1467 1445; baseline -0.003 -12"><span class='ocrx_word' id='word_1_314' title='bbox 815 1403 898 1445; x_wconf 80' lang='lat'>6—93</span> <span class='ocrx_word' id='word_1_315' title='bbox 930 1404 983 1433; x_wconf 85' lang='lat' dir='ltr'>for</span> <span class='ocrx_word' id='word_1_316' title='bbox 1008 1404 1167 1443; x_wconf 72' lang='lat' dir='ltr'>templum</span> <span class='ocrx_word' id='word_1_317' title='bbox 1195 1403 1229 1433; x_wconf 89' lang='lat' dir='ltr'>in</span> <span class='ocrx_word' id='word_1_318' title='bbox 1250 1402 1308 1443; x_wconf 83' lang='lat' dir='ltr'>the</span> <span class='ocrx_word' id='word_1_319' title='bbox 1332 1402 1467 1442; x_wconf 79' lang='lat' dir='ltr'>general</span> 
     </span>
     <span class='ocr_line' id='line_1_47' title="bbox 815 1446 1466 1483; baseline -0.005 -5"><span class='ocrx_word' id='word_1_320' title='bbox 815 1457 913 1478; x_wconf 89' lang='lat' dir='ltr'>sense</span> <span class='ocrx_word' id='word_1_321' title='bbox 927 1447 964 1478; x_wconf 82' lang='lat' dir='ltr'>of</span> <span class='ocrx_word' id='word_1_322' title='bbox 981 1447 1038 1477; x_wconf 87' lang='lat' dir='ltr'>the</span> <span class='ocrx_word' id='word_1_323' title='bbox 1056 1448 1208 1483; x_wconf 75' lang='lat' dir='ltr'>heavens,</span> <span class='ocrx_word' id='word_1_324' title='bbox 1222 1446 1262 1477; x_wconf 82' lang='lat' dir='ltr'>cf.</span> <span class='ocrx_word' id='word_1_325' title='bbox 1280 1447 1410 1476; x_wconf 81' lang='lat' dir='ltr'>Lueret.</span> <span class='ocrx_word' id='word_1_326' title='bbox 1429 1446 1466 1474; x_wconf 66' lang='grc' dir='ltr'>Υ.</span> 
     </span>
     <span class='ocr_line' id='line_1_48' title="bbox 819 1491 1468 1533; baseline -0.005 -10"><span class='ocrx_word' id='word_1_327' title='bbox 819 1491 901 1533; x_wconf 84' lang='lat'>1436</span> <span class='ocrx_word' id='word_1_328' title='bbox 911 1493 1051 1522; x_wconf 84' lang='lat' dir='ltr'><em>mundi.</em></span> <span class='ocrx_word' id='word_1_329' title='bbox 1066 1515 1072 1521; x_wconf 89' lang='lat'>.</span> <span class='ocrx_word' id='word_1_330' title='bbox 1089 1515 1094 1520; x_wconf 97' lang='lat'>.</span> <span class='ocrx_word' id='word_1_331' title='bbox 1108 1492 1277 1530; x_wconf 69' lang='lat' dir='ltr'><em>templum.</em></span> <span class='ocrx_word' id='word_1_332' title='bbox 1289 1499 1468 1530; x_wconf 81' lang='lat' dir='ltr'>-corpo-</span> 
     </span>
     <span class='ocr_line' id='line_1_49' title="bbox 815 1535 1467 1574; baseline -0.006 -8"><span class='ocrx_word' id='word_1_333' title='bbox 815 1536 866 1566; x_wconf 87' lang='lat' dir='ltr'>ris</span> <span class='ocrx_word' id='word_1_334' title='bbox 894 1536 1098 1567; x_wconf 86' lang='lat' dir='ltr'>custodiis:</span> <span class='ocrx_word' id='word_1_335' title='bbox 1125 1535 1167 1565; x_wconf 83' lang='lat' dir='ltr'>cf.</span> <span class='ocrx_word' id='word_1_336' title='bbox 1195 1540 1367 1574; x_wconf 67' lang='lat' dir='ltr'><em>corsorum</em></span> <span class='ocrx_word' id='word_1_337' title='bbox 1397 1535 1467 1563; x_wconf 75' lang='grc' dir='ltr'>ῖίἰι-</span> 
     </span>
     <span class='ocr_line' id='line_1_50' title="bbox 813 1579 1465 1618; baseline -0.005 -8"><span class='ocrx_word' id='word_1_338' title='bbox 813 1580 882 1615; x_wconf 85' lang='lat' dir='ltr'><em>clis,</em></span> <span class='ocrx_word' id='word_1_339' title='bbox 916 1579 1086 1610; x_wconf 81' lang='lat' dir='ltr'>6.—huc</span> <span class='ocrx_word' id='word_1_340' title='bbox 1113 1602 1120 1609; x_wconf 88' lang='lat'><strong>.</strong></span> <span class='ocrx_word' id='word_1_341' title='bbox 1148 1602 1155 1609; x_wconf 90' lang='lat'><strong>.</strong></span> <span class='ocrx_word' id='word_1_342' title='bbox 1183 1602 1190 1608; x_wconf 93' lang='lat'><em>.</em></span> <span class='ocrx_word' id='word_1_343' title='bbox 1216 1588 1290 1609; x_wconf 91' lang='lat' dir='ltr'>non</span> <span class='ocrx_word' id='word_1_344' title='bbox 1319 1583 1465 1618; x_wconf 88' lang='lat' dir='ltr'>potest:</span> 
     </span>
     <span class='ocr_line' id='line_1_51' title="bbox 813 1622 1467 1664; baseline -0.005 -10"><span class='ocrx_word' id='word_1_345' title='bbox 813 1623 854 1654; x_wconf 83' lang='lat' dir='ltr'>cf.</span> <span class='ocrx_word' id='word_1_346' title='bbox 879 1635 982 1664; x_wconf 70' lang='lat' dir='ltr'><em>quare</em></span> <span class='ocrx_word' id='word_1_347' title='bbox 1000 1647 1006 1653; x_wconf 81' lang='lat'><strong>.</strong></span> <span class='ocrx_word' id='word_1_348' title='bbox 1027 1648 1032 1653; x_wconf 94' lang='lat'>.</span> <span class='ocrx_word' id='word_1_349' title='bbox 1051 1647 1057 1652; x_wconf 94' lang='lat'>.</span> <span class='ocrx_word' id='word_1_350' title='bbox 1076 1624 1269 1657; x_wconf 61' lang='lat' dir='ltr'>videamini,</span> <span class='ocrx_word' id='word_1_351' title='bbox 1295 1622 1413 1652; x_wconf 83' lang='lat' dir='ltr'>below.</span> <span class='ocrx_word' id='word_1_352' title='bbox 1425 1639 1467 1643; x_wconf 81' lang='lat'><em>-</em></span> 
     </span>
     <span class='ocr_line' id='line_1_52' title="bbox 813 1666 1464 1708; baseline -0.005 -10"><span class='ocrx_word' id='word_1_353' title='bbox 813 1668 884 1698; x_wconf 88' lang='lat' dir='ltr'>hac</span> <span class='ocrx_word' id='word_1_354' title='bbox 917 1668 1015 1708; x_wconf 86' lang='lat' dir='ltr'>lege,</span> <span class='ocrx_word' id='word_1_355' title='bbox 1041 1678 1082 1697; x_wconf 87' lang='lat' dir='ltr'>on</span> <span class='ocrx_word' id='word_1_356' title='bbox 1115 1667 1181 1697; x_wconf 75' lang='lat' dir='ltr'><em>tlzis</em></span> <span class='ocrx_word' id='word_1_357' title='bbox 1211 1667 1387 1700; x_wconf 72' lang='lat' dir='ltr'><em>condition,</em></span> <span class='ocrx_word' id='word_1_358' title='bbox 1414 1666 1464 1695; x_wconf 56' lang='lat' dir='ltr'>tle.</span> 
     </span>
     <span class='ocr_line' id='line_1_53' title="bbox 811 1711 1466 1752; baseline -0.003 -11"><span class='ocrx_word' id='word_1_359' title='bbox 811 1712 876 1752; x_wconf 86' lang='lat' dir='ltr'>for</span> <span class='ocrx_word' id='word_1_360' title='bbox 891 1712 1123 1751; x_wconf 60' lang='lat' dir='ltr'>tlu&#39;spmpose.</span> <span class='ocrx_word' id='word_1_361' title='bbox 1137 1730 1180 1733; x_wconf 82' lang='lat'>—</span> <span class='ocrx_word' id='word_1_362' title='bbox 1191 1711 1253 1750; x_wconf 92' lang='lat' dir='ltr'>qui</span> <span class='ocrx_word' id='word_1_363' title='bbox 1272 1714 1466 1741; x_wconf 88' lang='lat' dir='ltr'>tuerentur</span> 
     </span>
     <span class='ocr_line' id='line_1_54' title="bbox 814 1753 1465 1795; baseline -0.005 -9"><span class='ocrx_word' id='word_1_364' title='bbox 814 1778 822 1786; x_wconf 93' lang='lat'>.</span> <span class='ocrx_word' id='word_1_365' title='bbox 844 1779 852 1786; x_wconf 91' lang='lat'><strong>.</strong></span> <span class='ocrx_word' id='word_1_366' title='bbox 875 1779 882 1786; x_wconf 90' lang='lat'>.</span> <span class='ocrx_word' id='word_1_367' title='bbox 905 1756 1080 1795; x_wconf 89' lang='lat' dir='ltr'>globum:</span> <span class='ocrx_word' id='word_1_368' title='bbox 1106 1754 1148 1785; x_wconf 85' lang='lat' dir='ltr'>cf.</span> <span class='ocrx_word' id='word_1_369' title='bbox 1176 1755 1215 1784; x_wconf 76' lang='lat' dir='ltr'>de</span> <span class='ocrx_word' id='word_1_370' title='bbox 1241 1755 1316 1784; x_wconf 75' lang='lat' dir='ltr'>Sen.</span> <span class='ocrx_word' id='word_1_371' title='bbox 1343 1761 1380 1792; x_wconf 92' lang='lat'>77</span> <span class='ocrx_word' id='word_1_372' title='bbox 1406 1753 1465 1784; x_wconf 85' lang='lat' dir='ltr'><em>sea&#39;</em></span> 
     </span>
     <span class='ocr_line' id='line_1_55' title="bbox 811 1798 1465 1837; baseline -0.005 -8"><span class='ocrx_word' id='word_1_373' title='bbox 811 1801 906 1830; x_wconf 76' lang='lat' dir='ltr'><em>credo</em></span> <span class='ocrx_word' id='word_1_374' title='bbox 923 1800 996 1829; x_wconf 76' lang='lat' dir='ltr'>deos</span> <span class='ocrx_word' id='word_1_375' title='bbox 1009 1799 1211 1829; x_wconf 73' lang='lat' dir='ltr'>Immortalis</span> <span class='ocrx_word' id='word_1_376' title='bbox 1223 1798 1380 1837; x_wconf 69' lang='lat' dir='ltr'>sparsisse</span> <span class='ocrx_word' id='word_1_377' title='bbox 1395 1798 1465 1827; x_wconf 84' lang='lat' dir='ltr'><em>ani-</em></span> 
     </span>
     <span class='ocr_line' id='line_1_56' title="bbox 812 1843 1468 1883; baseline -0.005 -10"><span class='ocrx_word' id='word_1_378' title='bbox 812 1854 881 1873; x_wconf 89' lang='lat' dir='ltr'>mos</span> <span class='ocrx_word' id='word_1_379' title='bbox 903 1844 940 1873; x_wconf 89' lang='lat' dir='ltr'>in</span> <span class='ocrx_word' id='word_1_380' title='bbox 963 1848 1100 1883; x_wconf 73' lang='lat' dir='ltr'><em>corpora</em></span> <span class='ocrx_word' id='word_1_381' title='bbox 1122 1843 1283 1877; x_wconf 76' lang='lat' dir='ltr'>humana,</span> <span class='ocrx_word' id='word_1_382' title='bbox 1306 1846 1343 1871; x_wconf 82' lang='lat' dir='ltr'>ut</span> <span class='ocrx_word' id='word_1_383' title='bbox 1362 1845 1468 1871; x_wconf 70' lang='lat' dir='ltr'>essent</span> 
     </span>
     <span class='ocr_line' id='line_1_57' title="bbox 811 1885 1464 1927; baseline -0.003 -10"><span class='ocrx_word' id='word_1_384' title='bbox 811 1888 873 1927; x_wconf 77' lang='lat' dir='ltr'>qui</span> <span class='ocrx_word' id='word_1_385' title='bbox 895 1892 1003 1917; x_wconf 74' lang='lat' dir='ltr'>terras</span> <span class='ocrx_word' id='word_1_386' title='bbox 1026 1891 1210 1917; x_wconf 76' lang='lat' dir='ltr'><em>tuerentur.</em></span> <span class='ocrx_word' id='word_1_387' title='bbox 1223 1885 1464 1916; x_wconf 74' lang='lat' dir='ltr'>—mediurnz</span> 
     </span>
     <span class='ocr_line' id='line_1_58' title="bbox 811 1930 1464 1962; baseline -0.005 -1"><span class='ocrx_word' id='word_1_388' title='bbox 811 1931 866 1961; x_wconf 87' lang='lat' dir='ltr'>for</span> <span class='ocrx_word' id='word_1_389' title='bbox 885 1941 905 1961; x_wconf 88' lang='lat' dir='ltr'>a</span> <span class='ocrx_word' id='word_1_390' title='bbox 924 1931 992 1962; x_wconf 89' lang='lat' dir='ltr'>still</span> <span class='ocrx_word' id='word_1_391' title='bbox 1013 1941 1106 1961; x_wconf 87' lang='lat' dir='ltr'>more</span> <span class='ocrx_word' id='word_1_392' title='bbox 1127 1930 1264 1960; x_wconf 88' lang='lat' dir='ltr'>definite</span> <span class='ocrx_word' id='word_1_393' title='bbox 1284 1933 1464 1960; x_wconf 79' lang='lat' dir='ltr'>statement</span> 
     </span>
     <span class='ocr_line' id='line_1_59' title="bbox 812 1973 1465 2013; baseline -0.005 -8"><span class='ocrx_word' id='word_1_394' title='bbox 812 1975 850 2005; x_wconf 83' lang='lat' dir='ltr'>of</span> <span class='ocrx_word' id='word_1_395' title='bbox 866 1975 934 2005; x_wconf 88' lang='lat' dir='ltr'>this</span> <span class='ocrx_word' id='word_1_396' title='bbox 952 1985 1043 2005; x_wconf 88' lang='lat' dir='ltr'>error</span> <span class='ocrx_word' id='word_1_397' title='bbox 1060 1974 1097 2005; x_wconf 84' lang='lat' dir='ltr'>of</span> <span class='ocrx_word' id='word_1_398' title='bbox 1117 1974 1173 2005; x_wconf 88' lang='lat' dir='ltr'>the</span> <span class='ocrx_word' id='word_1_399' title='bbox 1191 1974 1324 2004; x_wconf 88' lang='lat' dir='ltr'>ancient</span> <span class='ocrx_word' id='word_1_400' title='bbox 1342 1973 1465 2013; x_wconf 84' lang='lat' dir='ltr'>philos-</span> 
     </span>
     <span class='ocr_line' id='line_1_60' title="bbox 812 2018 1463 2059; baseline -0.005 -10"><span class='ocrx_word' id='word_1_401' title='bbox 812 2019 948 2059; x_wconf 84' lang='lat' dir='ltr'>ophers,</span> <span class='ocrx_word' id='word_1_402' title='bbox 962 2019 1003 2049; x_wconf 85' lang='lat' dir='ltr'>cf.</span> <span class='ocrx_word' id='word_1_403' title='bbox 1026 2027 1064 2049; x_wconf 87' lang='lat'>10</span> <span class='ocrx_word' id='word_1_404' title='bbox 1081 2029 1159 2048; x_wconf 86' lang='lat' dir='ltr'>nam</span> <span class='ocrx_word' id='word_1_405' title='bbox 1178 2023 1268 2048; x_wconf 73' lang='lat' dir='ltr'><em>terra</em></span> <span class='ocrx_word' id='word_1_406' title='bbox 1283 2042 1288 2047; x_wconf 95' lang='lat'>.</span> <span class='ocrx_word' id='word_1_407' title='bbox 1305 2041 1310 2046; x_wconf 95' lang='lat'>.</span> <span class='ocrx_word' id='word_1_408' title='bbox 1326 2041 1332 2046; x_wconf 95' lang='lat'>.</span> <span class='ocrx_word' id='word_1_409' title='bbox 1346 2018 1463 2047; x_wconf 81' lang='lat' dir='ltr'><em>locum.</em></span> 
     </span>
     <span class='ocr_line' id='line_1_61' title="bbox 813 2060 1464 2101; baseline -0.005 -8"><span class='ocrx_word' id='word_1_410' title='bbox 813 2063 898 2093; x_wconf 86' lang='lat' dir='ltr'>This</span> <span class='ocrx_word' id='word_1_411' title='bbox 915 2063 1085 2093; x_wconf 85' lang='lat' dir='ltr'>mistaken</span> <span class='ocrx_word' id='word_1_412' title='bbox 1103 2062 1222 2092; x_wconf 89' lang='lat' dir='ltr'>notion</span> <span class='ocrx_word' id='word_1_413' title='bbox 1239 2062 1271 2091; x_wconf 89' lang='lat' dir='ltr'>in</span> <span class='ocrx_word' id='word_1_414' title='bbox 1293 2060 1410 2101; x_wconf 80' lang='lat' dir='ltr'>regard</span> <span class='ocrx_word' id='word_1_415' title='bbox 1428 2066 1464 2090; x_wconf 91' lang='lat' dir='ltr'>to</span> 
     </span>
     <span class='ocr_line' id='line_1_62' title="bbox 812 2104 1464 2146; baseline -0.005 -9"><span class='ocrx_word' id='word_1_416' title='bbox 812 2107 869 2137; x_wconf 83' lang='lat' dir='ltr'>the</span> <span class='ocrx_word' id='word_1_417' title='bbox 893 2107 1042 2146; x_wconf 88' lang='lat' dir='ltr'>position</span> <span class='ocrx_word' id='word_1_418' title='bbox 1066 2106 1103 2137; x_wconf 84' lang='lat' dir='ltr'>of</span> <span class='ocrx_word' id='word_1_419' title='bbox 1127 2106 1183 2136; x_wconf 84' lang='lat' dir='ltr'>the</span> <span class='ocrx_word' id='word_1_420' title='bbox 1208 2105 1301 2135; x_wconf 79' lang='lat' dir='ltr'>earth</span> <span class='ocrx_word' id='word_1_421' title='bbox 1329 2104 1397 2135; x_wconf 87' lang='lat' dir='ltr'>and</span> <span class='ocrx_word' id='word_1_422' title='bbox 1421 2104 1464 2134; x_wconf 87' lang='lat' dir='ltr'>its</span> 
     </span>
     <span class='ocr_line' id='line_1_63' title="bbox 813 2147 1463 2189; baseline -0.005 -9"><span class='ocrx_word' id='word_1_423' title='bbox 813 2151 955 2181; x_wconf 87' lang='lat' dir='ltr'>relation</span> <span class='ocrx_word' id='word_1_424' title='bbox 988 2156 1023 2180; x_wconf 92' lang='lat' dir='ltr'>to</span> <span class='ocrx_word' id='word_1_425' title='bbox 1057 2150 1114 2180; x_wconf 87' lang='lat' dir='ltr'>the</span> <span class='ocrx_word' id='word_1_426' title='bbox 1149 2149 1315 2189; x_wconf 86' lang='lat' dir='ltr'>heavenly</span> <span class='ocrx_word' id='word_1_427' title='bbox 1345 2147 1463 2178; x_wconf 84' lang='lat' dir='ltr'>bodies</span> 
     </span>
     <span class='ocr_line' id='line_1_64' title="bbox 811 2192 1464 2235; baseline -0.006 -10"><span class='ocrx_word' id='word_1_428' title='bbox 811 2193 982 2235; x_wconf 86' lang='lat' dir='ltr'>prevailed</span> <span class='ocrx_word' id='word_1_429' title='bbox 999 2194 1083 2224; x_wconf 85' lang='lat' dir='ltr'>until</span> <span class='ocrx_word' id='word_1_430' title='bbox 1101 2193 1158 2224; x_wconf 84' lang='lat' dir='ltr'>the</span> <span class='ocrx_word' id='word_1_431' title='bbox 1179 2194 1259 2223; x_wconf 91' lang='lat' dir='ltr'>time</span> <span class='ocrx_word' id='word_1_432' title='bbox 1279 2192 1316 2223; x_wconf 82' lang='lat' dir='ltr'>of</span> <span class='ocrx_word' id='word_1_433' title='bbox 1341 2192 1464 2231; x_wconf 85' lang='lat' dir='ltr'>Coper-</span> 
     </span>
     <span class='ocr_line' id='line_1_65' title="bbox 812 2238 1464 2278; baseline -0.006 -9"><span class='ocrx_word' id='word_1_434' title='bbox 812 2238 1107 2278; x_wconf 54' lang='lat' dir='ltr'>nicus-iisque</span> <span class='ocrx_word' id='word_1_435' title='bbox 1125 2238 1276 2268; x_wconf 86' lang='lat' dir='ltr'>animus</span> <span class='ocrx_word' id='word_1_436' title='bbox 1292 2260 1299 2266; x_wconf 94' lang='lat'>.</span> <span class='ocrx_word' id='word_1_437' title='bbox 1316 2259 1322 2266; x_wconf 95' lang='lat'><em>.</em></span> <span class='ocrx_word' id='word_1_438' title='bbox 1339 2259 1346 2266; x_wconf 87' lang='lat'><strong>.</strong></span> <span class='ocrx_word' id='word_1_439' title='bbox 1362 2245 1464 2266; x_wconf 90' lang='lat' dir='ltr'>men-</span> 
     </span>
     <span class='ocr_line' id='line_1_66' title="bbox 811 2279 1463 2313; baseline -0.009 0"><span class='ocrx_word' id='word_1_440' title='bbox 811 2283 934 2313; x_wconf 86' lang='lat' dir='ltr'>tibus:</span> <span class='ocrx_word' id='word_1_441' title='bbox 959 2282 1014 2312; x_wconf 87' lang='lat' dir='ltr'>for</span> <span class='ocrx_word' id='word_1_442' title='bbox 1031 2282 1088 2312; x_wconf 89' lang='lat' dir='ltr'>the</span> <span class='ocrx_word' id='word_1_443' title='bbox 1105 2281 1207 2312; x_wconf 84' lang='lat' dir='ltr'>belief</span> <span class='ocrx_word' id='word_1_444' title='bbox 1224 2280 1298 2310; x_wconf 83' lang='lat' dir='ltr'>that</span> <span class='ocrx_word' id='word_1_445' title='bbox 1314 2280 1371 2309; x_wconf 87' lang='lat' dir='ltr'>the</span> <span class='ocrx_word' id='word_1_446' title='bbox 1388 2279 1463 2309; x_wconf 85' lang='lat' dir='ltr'>soul</span> 
     </span>
     <span class='ocr_line' id='line_1_67' title="bbox 811 2324 1463 2365; baseline -0.006 -9"><span class='ocrx_word' id='word_1_447' title='bbox 811 2326 839 2356; x_wconf 90' lang='lat' dir='ltr'>is</span> <span class='ocrx_word' id='word_1_448' title='bbox 861 2326 897 2356; x_wconf 86' lang='lat' dir='ltr'>of</span> <span class='ocrx_word' id='word_1_449' title='bbox 921 2326 978 2356; x_wconf 89' lang='lat' dir='ltr'>the</span> <span class='ocrx_word' id='word_1_450' title='bbox 1001 2335 1096 2356; x_wconf 85' lang='lat' dir='ltr'>same</span> <span class='ocrx_word' id='word_1_451' title='bbox 1118 2325 1199 2365; x_wconf 89' lang='lat' dir='ltr'>fiery</span> <span class='ocrx_word' id='word_1_452' title='bbox 1221 2324 1404 2354; x_wconf 88' lang='lat' dir='ltr'>substance</span> <span class='ocrx_word' id='word_1_453' title='bbox 1427 2332 1463 2352; x_wconf 76' lang='lat' dir='ltr'>as</span> 
     </span>
     <span class='ocr_line' id='line_1_68' title="bbox 811 2366 1462 2408; baseline -0.008 -8"><span class='ocrx_word' id='word_1_454' title='bbox 811 2370 869 2399; x_wconf 88' lang='lat' dir='ltr'>the</span> <span class='ocrx_word' id='word_1_455' title='bbox 890 2374 988 2405; x_wconf 88' lang='lat' dir='ltr'>stars,</span> <span class='ocrx_word' id='word_1_456' title='bbox 1011 2369 1054 2399; x_wconf 84' lang='lat' dir='ltr'>cf.</span> <span class='ocrx_word' id='word_1_457' title='bbox 1085 2370 1176 2399; x_wconf 78' lang='lat' dir='ltr'><em>Tusc.</em></span> <span class='ocrx_word' id='word_1_458' title='bbox 1201 2368 1226 2397; x_wconf 89' lang='grc' dir='ltr'>Ι.</span> <span class='ocrx_word' id='word_1_459' title='bbox 1246 2376 1305 2408; x_wconf 82' lang='lat'>433</span> <span class='ocrx_word' id='word_1_460' title='bbox 1330 2367 1384 2396; x_wconf 80' lang='lat' dir='ltr'>for</span> <span class='ocrx_word' id='word_1_461' title='bbox 1406 2366 1462 2395; x_wconf 86' lang='lat' dir='ltr'>the</span> 
     </span>
     <span class='ocr_line' id='line_1_69' title="bbox 811 2408 1463 2454; baseline -0.006 -11"><span class='ocrx_word' id='word_1_462' title='bbox 811 2413 931 2454; x_wconf 86' lang='lat' dir='ltr'>theory</span> <span class='ocrx_word' id='word_1_463' title='bbox 949 2413 1022 2443; x_wconf 84' lang='lat' dir='ltr'>that</span> <span class='ocrx_word' id='word_1_464' title='bbox 1041 2412 1098 2443; x_wconf 88' lang='lat' dir='ltr'>the</span> <span class='ocrx_word' id='word_1_465' title='bbox 1115 2417 1202 2442; x_wconf 84' lang='lat' dir='ltr'>stars</span> <span class='ocrx_word' id='word_1_466' title='bbox 1224 2421 1279 2441; x_wconf 88' lang='lat' dir='ltr'>are</span> <span class='ocrx_word' id='word_1_467' title='bbox 1296 2408 1463 2440; x_wconf 84' lang='lat' dir='ltr'>endowed</span> 
     </span>
    </p>
   </div>
  </div>
 </body>
</html>
