1669 2698
100 293 140 324 27

168 166 221 206 24
575 160 624 193 M.
656 160 809 193 TVLLI
843 160 1134 194 CICERONIS

230 284 380 336 Itaque
423 297 555 323 unum
600 283 702 323 illud
749 290 837 323 erat
886 282 1061 322 insitum
1105 282 1255 335 priscis
1298 282 1389 330 illis,
1431 296 1537 335 quos

171 354 352 394 ‘cascos’
389 355 573 406 appellat
607 354 785 402 Ennius,
816 368 911 394 esse
942 355 982 393 in
1014 361 1151 394 morte
1181 368 1369 402 sensum,
1400 368 1539 407 neque

168 439 347 466 excessu
376 425 488 465 vitae
520 426 579 465 sic
610 425 739 465 deleri
772 426 987 465 hominem
1019 433 1063 465 ut
1096 425 1290 465 funditus
1322 425 1540 475 interiret;

169 497 295 549 idque
330 510 425 536 cum
460 496 605 536 multis
637 496 729 536 aliis
763 497 905 544 rebus,
938 503 1031 536 tum
1066 510 1088 537 e
1123 497 1343 549 pontificio
1376 497 1465 537 iure
1498 504 1539 537 et

169 581 191 608 e
222 567 486 608 caerimoniis
518 568 810 619 sepulcrorum
844 568 1035 620 intellegi
1069 567 1181 616 licet,
1210 582 1316 621 quas
1349 568 1541 608 maximis

169 639 350 691 ingeniis
381 639 561 691 praediti
590 652 669 678 nec
703 646 823 678 tanta
857 652 957 678 cura
991 639 1223 680 coluissent
1256 654 1336 680 nec
1366 640 1542 680 violatas

169 718 255 751 tam
301 710 542 762 inexpiabili
586 711 790 763 religione
839 711 1095 759 sanxissent,
1141 712 1222 751 nisi
1263 712 1456 752 haereret
1502 711 1542 750 in

169 796 315 822 eorum
344 782 561 821 mentibus
592 789 773 821 mortem
806 795 891 821 non
924 783 1143 823 interitum
1179 796 1274 823 esse
1300 782 1441 823 omnia
1471 783 1546 823 tol-

170 855 328 893 lentem
352 861 481 905 atque
513 854 738 900 delentem,
768 854 842 894 sed
867 855 1080 906 quandam
1105 855 1224 906 quasi
1247 854 1542 907 migrationem

170 925 636 976 commutationemque
664 925 786 972 vitae,
816 939 924 978 quae
955 926 996 965 in
1025 926 1148 966 claris
1175 926 1275 965 viris
1303 933 1345 965 et
1376 926 1546 966 feminis

170 998 253 1036 dux
283 996 322 1035 in
355 996 516 1035 caelum
553 997 707 1036 soleret
744 1011 852 1045 esse,
884 998 925 1036 in
958 998 1112 1037 ceteris
1142 998 1259 1036 humi
1290 997 1547 1037 retineretur

170 1075 213 1107 et
247 1074 515 1120 permaneret
554 1074 712 1108 tamen.
779 1069 843 1108 Ex
878 1069 960 1108 hoc
993 1076 1034 1109 et
1069 1076 1313 1108 nostrorum
1349 1069 1547 1121 opinione

173 1139 440 1178 ‘Romulus
473 1138 522 1178 in
556 1140 695 1179 caelo
725 1154 832 1179 cum
861 1139 936 1180 dis
967 1139 1072 1192 agit
1103 1140 1306 1188 aevum‚‘
1336 1147 1380 1179 ut
1410 1141 1547 1180 famae

171 1210 419 1251 adsentiens
453 1210 556 1249 dixit
592 1211 772 1259 Ennius,
805 1218 845 1252 et
877 1212 989 1263 apud
1021 1212 1211 1252 Graecos
1245 1211 1427 1263 indeque
1460 1224 1549 1263 per-

172 1283 314 1335 lapsus
346 1283 399 1322 ad
437 1296 515 1322 nos
547 1290 587 1322 et
628 1297 763 1335 usque
797 1284 849 1322 ad
887 1283 1110 1323 Oceanum
1152 1283 1366 1323 Hercules
1400 1290 1547 1322 tantus

172 1362 213 1394 et
238 1362 324 1395 tam
350 1367 553 1406 praesens
578 1354 761 1394 habetur
784 1354 916 1403 deus;
950 1354 1048 1394 hinc
1074 1354 1206 1394 Liber
1232 1354 1400 1394 Semela
1422 1360 1548 1394 natus

172 1427 407 1478 eademque
430 1426 570 1466 famae
596 1425 845 1466 celebritate
872 1426 1144 1479 Tyndaridae
1171 1425 1337 1473 fratres,
1363 1425 1434 1478 qui
1461 1439 1548 1465 non

215 1520 269 1552 27.
303 1530 419 1552 unum
466 1520 555 1551 illud
575 1530 581 1550 :
633 1520 827 1560 equivalent

173 1570 208 1595 to
240 1566 332 1595 illud
366 1566 589 1603 fidissimum.
607 1583 650 1586 Q
668 1573 800 1594 cascos
818 1573 824 1593 :

173 1610 290 1643 Varro,
306 1610 341 1638 L.
354 1610 392 1639 L.
403 1610 483 1639 VII.
496 1609 544 1643 28,
554 1609 707 1648 explains
718 1618 828 1638 rascas

173 1663 209 1683 as
227 1663 245 1682 a
263 1654 354 1683 word
377 1652 413 1682 of
438 1652 562 1683 Sabine
579 1653 697 1692 origin,
716 1662 828 1683 mean-

172 1697 229 1736 ing
253 1698 316 1731 old,
341 1701 443 1726 vetus.
461 1715 503 1718 —-
521 1706 680 1727 excessu
708 1697 826 1727 vitae:

173 1741 367 1780 equivalent
408 1746 444 1771 to
479 1752 611 1770 excessu
643 1752 658 1770 e
689 1742 768 1770 vita.
786 1759 828 1762 -

174 1785 414 1815 caerimoniis
430 1784 702 1824 sepulcrorum,
715 1785 830 1814 but-iol

174 1831 259 1858 riter.
273 1829 486 1858 —violatas
507 1851 514 1858 .
535 1851 541 1857 .
562 1851 569 1858 .
589 1829 825 1858 sanxissent:

897 1520 978 1549 tiam
1002 1519 1066 1549 cole
1087 1523 1117 1548 et
1130 1520 1283 1558 pietatem
1303 1541 1309 1547 .
1329 1541 1335 1547 .
1355 1542 1360 1548 .
1407 1519 1459 1548 Ea
1480 1518 1548 1547 vila

897 1564 953 1592 via
967 1567 1013 1592 est
1028 1564 1064 1592 in
1077 1563 1203 1592 caelum
1217 1573 1231 1598 ‚·
1257 1561 1334 1592 ibid.
1350 1571 1385 1591 21
1407 1572 1550 1601 namque

896 1617 1008 1636 eornm
1027 1608 1141 1636 animi
1157 1608 1217 1646 qui
1232 1617 1263 1635 se
1278 1606 1423 1644 corporis
1438 1606 1552 1644 volup-

897 1651 1018 1680 tatibus
1045 1651 1245 1680 dediderunt
1268 1673 1274 1678 .
1301 1673 1307 1679 .
1333 1673 1338 1679 .
1364 1650 1551 1688 corporibus

897 1695 1003 1733 elapsi
1026 1695 1150 1724 circum
1179 1698 1303 1723 terram
1331 1694 1435 1732 ipsam
1461 1694 1550 1723 volu-

897 1743 1016 1769 tantur
1033 1749 1089 1768 nec
1101 1738 1190 1767 hunc
1207 1739 1243 1766 in
1260 1738 1365 1767 locum
1385 1737 1454 1766 nisi
1468 1737 1550 1765 mul-

899 1784 940 1812 tis
956 1783 1115 1821 exagitati
1129 1783 1268 1811 saeculis
1284 1785 1510 1810 rezoertuntur.

940 1825 996 1857 28.
1032 1825 1218 1856 Romulus
1255 1847 1262 1854 .
1301 1847 1308 1854 .
1347 1847 1354 1854 .
1390 1833 1525 1854 aevum
1542 1833 1548 1853 :

174 1872 230 1902 the
254 1872 415 1901 violation
442 1872 478 1901 of
501 1872 633 1902 funeral
658 1872 737 1902 rites
760 1882 827 1901 was

175 1926 216 1946 an
236 1915 366 1945 offense
383 1916 436 1945 for
455 1915 562 1945 which
591 1926 635 1945 no
654 1916 826 1955 expiation

173 1960 272 1989 could
306 1959 346 1989 be
376 1959 741 1990 made—haereret:
775 1959 828 1989 for

174 2003 231 2033 the
266 2003 441 2043 imperfect
479 2003 642 2042 referring
681 2008 716 2032 to
752 2007 828 2042 past

175 2047 255 2076 time
288 2047 319 2076 in
352 2057 371 2076 a
403 2047 577 2077 condition
607 2052 765 2087 contrary
793 2052 828 2076 to

173 2090 252 2125 fact,
267 2090 363 2120 when
380 2101 399 2121 a
418 2090 576 2130 repeated
596 2100 633 2120 or
646 2090 828 2120 continued

174 2134 288 2164 action
320 2134 347 2164 is
379 2134 540 2170 denoted,
573 2144 628 2164 see
661 2135 701 2163 A.
730 2134 757 2164 &
787 2133 827 2163 G.

176 2178 236 2218 308
262 2188 453 2218 a.—quae
480 2201 487 2208 .
515 2201 521 2208 .
549 2201 556 2208 .
583 2183 731 2208 tamen:
762 2177 828 2207 this

175 2231 318 2261 passage
329 2222 356 2252 is
368 2222 510 2252 obscure
524 2232 567 2251 on
582 2227 726 2251 account
738 2221 774 2251 of
785 2221 829 2251 its

176 2265 323 2306 brevity;
364 2266 421 2295 the
460 2265 580 2304 logical
619 2264 753 2305 subject
793 2264 830 2294 of

177 2309 315 2339 soleret
334 2310 361 2338 is
382 2310 538 2348 mtjgrotio
558 2310 830 2349 commutatioque

176 2353 271 2386 vilae,
289 2352 348 2382 but
363 2352 440 2382 with
457 2353 680 2383 retineretur
695 2357 730 2382 et
745 2361 830 2391 per-

178 2401 347 2425 maneret
362 2406 410 2425 we
428 2401 517 2425 must
532 2395 742 2426 understand
760 2397 828 2424 vita

178 2449 214 2469 as
227 2439 282 2468 the
294 2439 426 2479 subject
439 2451 445 2475 ;
460 2439 501 2469 cf.
514 2440 600 2468 Som.
610 2440 696 2478 Scip.
709 2438 727 2469 8
740 2440 829 2468 iusti—

899 1870 1036 1901 Servius
1059 1875 1180 1909 quotes
1204 1868 1261 1898 the
1284 1878 1378 1898 verse
1400 1868 1447 1897 ad
1465 1869 1548 1897 Aen.

897 1915 958 1944 VI.
979 1913 1040 1952 764
1058 1914 1223 1943 Romulus
1246 1913 1282 1941 in
1304 1912 1391 1941 caelo
1407 1921 1479 1941 cnm
1498 1912 1550 1940 <lis

891 1958 1094 1997 genitalibus
1117 1967 1234 1987 aevum
1261 1957 1362 1995 Degis
1375 1965 1385 1989 ,·
1410 1954 1451 1984 cf.
1478 1955 1548 1984 Liv.

899 2002 925 2031 I.
947 2001 1221 2040 xta—indeque
1247 2023 1253 2029 .
1279 2022 1286 2029 .
1309 2022 1316 2029 .
1340 1999 1548 2029 Hercules:

899 2045 1064 2075 Hercules
1097 2044 1163 2074 had
1196 2054 1215 2073 a
1247 2043 1370 2082 temple
1409 2053 1453 2072 on
1493 2042 1550 2072 the

896 2089 1006 2119 island
1030 2088 1201 2129 Eryffleia,
1223 2096 1304 2117 near
1325 2087 1383 2116 the
1410 2086 1550 2116 Phoeni-

897 2133 970 2163 cian
999 2133 1121 2173 colony
1150 2131 1187 2161 of
1215 2130 1339 2161 Gades.
1398 2131 1465 2160 For
1493 2130 1549 2160 the

897 2176 1081 2216 beginning
1094 2175 1131 2206 of
1148 2175 1201 2206 his
1214 2174 1361 2214 worship
1378 2174 1410 2204 in
1430 2174 1548 2209 Rome,

897 2220 938 2250 cf.
964 2220 1034 2249 Liv.
1058 2220 1082 2249 Ι.
1101 2225 1273 2258 7.—tam
1299 2227 1492 2259 praesens,
1517 2228 1550 2246 so

897 2264 997 2302 ready
1029 2268 1058 2293 lo
1089 2264 1173 2302 help,
1203 2263 1349 2293 because
1381 2266 1416 2291 at
1448 2260 1549 2296 hand,

898 2307 1246 2346 presertim—Liber:
1272 2316 1313 2336 an
1340 2305 1396 2335 old
1425 2304 1549 2335 Italian

897 2350 1037 2391 divinity
1056 2351 1187 2391 usually
1204 2349 1377 2380 identified
1395 2349 1473 2378 with
1492 2348 1550 2378 the

898 2394 1010 2424 Greek
1025 2394 1177 2424 Bacchus
1190 2405 1196 2430 ;
1211 2403 1274 2423 son
1288 2393 1325 2422 of
1338 2392 1469 2432 Jupiter
1481 2392 1547 2422 and

900 2438 1031 2468 Semele
1063 2437 1239 2477 (Semela).
1253 2455 1295 2458 —
1309 2436 1548 2475 Tyndaridae
