1669 2698
123 870 142 899 tx'a

171 171 192 198 2
573 162 621 195 M.
652 161 806 194 TVLLI
838 161 1131 194 CICERONIS

169 299 333 325 summe
359 285 445 330 Sol,
474 284 692 335 vobisque,
722 282 870 335 reliqui
902 282 1101 330 Caelites,
1131 283 1256 335 quod,
1280 289 1383 323 ante
1408 297 1535 335 quam

168 371 218 397 ex
246 357 326 396 hac
353 356 437 395 vita
466 355 612 408 migro,
644 354 861 406 conspicio
888 354 930 393 in
959 367 1054 394 meo
1082 367 1216 407 regno
1243 360 1283 395 et
1314 354 1378 393 his
1409 353 1536 395 tectis

171 430 212 469 P.
239 427 484 468 Cornelium
511 425 768 478 Scipionem,
795 425 914 464 cuius
938 439 1018 477 ego
1039 424 1213 466 nomine
1236 425 1327 478 ipso
1350 438 1537 474 recreor;

169 501 310 552 itaque
345 511 577 550 numquam
617 510 669 536 ex
705 495 849 536 animo
886 509 982 536 meo
1020 495 1200 536 discedit
1240 496 1350 536 illius
1389 496 1538 548 optimi

166 578 296 623 atque
326 568 592 609 invictissimi
623 567 700 607 viri
730 567 960 607 memoria.’
1027 567 1197 608 Deinde
1227 580 1308 620 ego
1338 567 1453 607 illum
1485 568 1538 608 de

168 656 244 682 suo
268 654 417 694 regno,
442 640 510 680 ille
538 653 607 680 me
633 640 686 679 de
712 645 860 679 nostra
886 652 932 679 re
957 638 1127 691 publica
1153 644 1430 690 percontatus
1457 645 1534 686 est,

167 714 398 765 multisque
432 710 574 751 verbis
611 711 722 750 ultro
757 710 949 763 citroque
985 709 1142 750 habitis
1177 710 1246 750 ille
1283 709 1406 750 nobis
1441 723 1539 750 con-

167 792 364 837 sumptus
397 791 462 824 est
495 783 596 822 dies.

228 858 328 896 Post
345 862 488 896 autem
504 861 710 906 apparatu
729 853 847 906 regio
862 854 1028 905 accepti
1043 866 1281 894 sermonem
1302 854 1344 892 in
1360 854 1537 894 multam

168 935 337 968 noctem
372 927 662 979 produximus,
699 939 795 964 cum
831 939 962 965 senex
994 925 1097 964 nihil
1130 924 1211 964 nisi
1243 925 1297 964 de
1330 924 1538 964 Africano

167 1001 412 1052 loqueretur
451 997 678 1050 omniaque
715 996 805 1037 eius
843 1010 928 1036 non
968 997 1081 1036 facta
1120 996 1258 1036 solum
1297 997 1371 1036 sed
1410 995 1537 1036 etiam

167 1073 281 1112 dicta
306 1070 583 1111 meminisset.
652 1069 831 1116 Deinde,
862 1076 907 1108 ut
936 1068 1127 1108 cubitum
1155 1068 1441 1116 discessimus,
1470 1082 1540 1109 me

168 1151 210 1184 et
241 1144 292 1183 de
322 1142 389 1182 via
421 1142 584 1182 fessum
616 1148 659 1181 et
690 1139 761 1193 qui
794 1142 847 1180 ad
880 1140 1058 1180 multam
1092 1147 1263 1180 noctem
1294 1139 1537 1192 vigilassem

1320 1211 1404 1251 Hic
1437 1211 1540 1251 mihi

171 1288 313 1339 (credo
332 1286 530 1338 equidem
555 1298 606 1324 ex
628 1284 708 1323 hoc
732 1284 847 1336 quod
865 1297 1034 1323 eramus
1057 1283 1186 1323 locuti
1205 1296 1214 1332 ;
1248 1284 1294 1322 fit
1314 1282 1426 1323 enim
1449 1283 1541 1323 fere

166 1215 298 1255 artior
330 1228 455 1267 quam
485 1213 647 1253 solebat
678 1226 855 1252 somnus
889 1212 1137 1264 complexus
1171 1219 1250 1252 est.

169 1365 214 1398 ut
254 1356 538 1410 cogitationes
579 1369 885 1407 sermonesque
922 1354 1059 1395 nostri
1100 1355 1264 1407 pariant
1302 1354 1459 1408 aliquid
1498 1354 1540 1394 in

169 1485 204 1510 to
234 1480 290 1510 the
315 1478 607 1519 gods—reliqui
635 1478 820 1508 Caelites:

169 1524 226 1553 the
253 1534 355 1553 moon
379 1522 446 1552 and
471 1527 575 1558 stars;
608 1522 773 1552 Caelites
796 1522 822 1551 is

169 1578 189 1598 a
231 1567 341 1607 poetic.
384 1566 487 1596 word.
548 1567 663 1596 Moser
706 1565 823 1595 thinks

171 1617 298 1652 grates
318 1635 325 1641 .
345 1634 353 1641 .
372 1634 380 1640 .
401 1611 566 1641 Caelites
593 1620 613 1640 a
641 1610 822 1650 quotation

169 1656 258 1685 from
284 1665 379 1685 some
408 1659 497 1694 poet.
542 1654 595 1684 Cf.
621 1655 712 1684 Lact.
737 1655 821 1684 lust.

172 1700 218 1729 Il.
240 1707 256 1740 5
279 1700 336 1729 scd
356 1699 441 1739 quid
461 1700 600 1733 mirum,
624 1699 654 1727 si
672 1703 733 1728 aut
754 1699 823 1728 har·

171 1745 252 1779 bari,
269 1748 329 1773 aut
352 1744 503 1782 imperiti
522 1743 672 1772 homines
693 1746 823 1778 errans,

171 1798 243 1817 cnm
278 1789 375 1817 ctiam
409 1786 606 1826 philosophi
645 1787 747 1816 Stoici
785 1787 822 1815 in

171 1832 279 1861 cadem
325 1832 395 1860 sint
434 1831 584 1869 opinione
630 1834 667 1859 ut
711 1831 823 1860 omnia

171 1876 319 1905 sai-lestia
336 1885 419 1915 quae
438 1878 614 1904 moventur
632 1875 668 1903 in
687 1875 821 1904 deorum

173 1930 312 1948 numero
351 1919 500 1948 habenda
542 1928 606 1947 esse
647 1922 800 1947 censeant
810 1928 823 1953 ;

172 1963 334 2002 siquidem
374 1963 529 1992 Lucilius
566 1962 693 1992 Stoicus
724 1963 820 2000 apud

176 2008 362 2037 Ciceronem
388 2007 436 2036 sic
458 2006 608 2045 loquitur
635 2005 690 2043 (cf.
714 2006 758 2035 Ν.
778 2006 823 2034 D.

174 2051 221 2080 II.
258 2050 436 2090 54).—ex
463 2073 470 2079 .
497 2072 504 2079 .
533 2072 540 2079 .
565 2049 642 2079 vita
681 2049 823 2089 migro:

172 2094 215 2124 cf.
250 2105 291 2124 ex
309 2118 314 2123 .
333 2117 339 2123 .
359 2117 365 2123 .
383 2095 452 2123 vila
485 2094 714 2130 mzssrandzme,
741 2102 768 2131 7.
783 2111 825 2115 —

176 2139 218 2168 P.
253 2137 469 2168 Cornelium
504 2137 742 2177 Scipionem:
769 2146 824 2166 see

174 2182 257 2211 Intr.
282 2181 575 2221 9—11.—itaque
602 2204 609 2210 .
637 2203 644 2210 .
671 2203 679 2210 .
705 2180 825 2211 disce-

174 2226 239 2262 dit,
265 2227 291 2255 is
314 2236 348 2255 so
370 2225 554 2263 constantly
578 2226 615 2254 in
640 2235 695 2263 my
719 2225 824 2254 mind.

175 2269 248 2299 The
285 2269 438 2299 Lemaire
467 2268 595 2298 edition
630 2268 695 2298 and
732 2278 826 2298 some

174 2313 290 2343 others
307 2313 384 2342 read
403 2314 457 2342 ita.
508 2312 674 2342 Meissner
691 2311 826 2351 regards

175 2356 302 2396 itaque
349 2366 386 2386 as
432 2356 612 2395 colloquial
670 2355 723 2385 for
784 2365 825 2384 an

175 2400 343 2438 emphatic
387 2401 431 2428 ita
475 2399 542 2428 and
585 2399 668 2429 cites
716 2399 824 2428 Plaut.

176 2444 278 2481 Epid.
296 2443 357 2480 84;
381 2452 438 2472 see
457 2443 529 2473 also
551 2442 629 2472 Brix
649 2452 694 2472 on
718 2443 824 2472 Plaut.

892 1478 968 1507 Mil.
986 1477 1054 1508 108.
1067 1478 1217 1509 —illius
1233 1501 1240 1508 .
1257 1501 1264 1508 .
1280 1501 1288 1508 .
1302 1478 1388 1508 viri:
1413 1478 1447 1508 P.
1461 1477 1541 1507 Cor—

891 1522 999 1552 nelius
1024 1521 1136 1562 Scipio
1162 1522 1342 1552 Africanus
1369 1522 1542 1552 Maior.—

893 1575 965 1606 ego
998 1566 1101 1597 illum
1121 1589 1129 1596 .
1149 1589 1157 1596 .
1177 1589 1185 1596 .
1204 1566 1264 1596 ille
1301 1575 1361 1597 me
1380 1589 1388 1596 .
1407 1589 1415 1596 .
1435 1589 1443 1596 .
1461 1575 1543 1606 per-

892 1615 1067 1641 contatus
1093 1615 1170 1641 est:
1195 1610 1231 1640 in
1256 1610 1357 1640 Latin
1381 1610 1437 1640 the
1462 1609 1543 1640 verb

891 1654 918 1683 is
936 1654 968 1683 in
987 1654 1043 1684 the
1061 1654 1189 1684 second
1204 1655 1317 1685 clause
1331 1654 1444 1685 rather
1457 1654 1541 1685 than

893 1698 949 1728 the
972 1698 1052 1733 first,
1073 1698 1217 1729 because
1245 1699 1302 1729 the
1326 1698 1407 1730 verb
1431 1699 1459 1729 is
1486 1698 1543 1729 the

891 1742 1035 1773 favorite
1059 1743 1185 1782 ending
1209 1742 1263 1773 for
1289 1743 1345 1773 the
1371 1748 1541 1773 sentence.

895 1787 961 1816 For
978 1786 1044 1817 this
1063 1797 1176 1826 usage,
1195 1787 1359 1828 syllepsis,
1373 1797 1430 1818 see
1449 1786 1543 1817 Mad-

893 1830 948 1869 vig
976 1830 1203 1868 478.——su0:
1235 1830 1290 1861 for
1321 1831 1387 1861 this
1421 1841 1480 1862 use
1507 1830 1544 1860 of

893 1874 950 1904 the
990 1874 1145 1904 reflexive
1185 1874 1294 1905 where
1330 1885 1379 1906 we
1418 1874 1543 1905 should

893 1923 1012 1957 expect
1022 1920 1101 1953 eius,
1114 1928 1170 1948 see
1183 1919 1276 1949 Lane
1289 1927 1381 1959 2337.
1392 1938 1435 1941 —
1446 1919 1543 1950 ultro

893 1962 1074 2002 citroque,
1107 1973 1148 1993 on
1180 1963 1253 1993 both
1284 1963 1380 1998 sides,
1413 1964 1433 1992 i.
1443 1974 1468 1992 e.
1501 1962 1544 2003 by

895 2005 1007 2045 Scipio
1025 2005 1091 2035 and
1112 2006 1305 2037 Masinissa.

936 2048 967 2079 2.
1001 2050 1160 2089 accepti,
1219 2051 1433 2081 entertained.
1446 2069 1489 2072 —
1506 2050 1543 2080 in

894 2093 1053 2124 multam
1075 2099 1247 2124 noctem:
1273 2094 1314 2124 cf.
1337 2095 1384 2124 ad
1402 2095 1542 2123 multam

894 2142 1026 2173 noctem,
1044 2137 1170 2174 below;
1194 2136 1261 2167 and
1275 2138 1312 2167 de
1329 2138 1404 2168 Sen.
1419 2137 1462 2175 46
1473 2148 1545 2167 con-

892 2182 1019 2211 vivium
1041 2204 1046 2210 .
1065 2206 1071 2211 .
1091 2205 1097 2211 .
1114 2182 1163 2211 ad
1180 2182 1321 2212 multam
1344 2186 1466 2211 noctem
1487 2204 1492 2210 .
1512 2206 1517 2211 .
1536 2204 1542 2210 .

892 2226 991 2254 vario
1020 2235 1168 2255 sermone
1199 2225 1544 2264 producimus.—de

893 2268 966 2305 via,
984 2269 1072 2308 after
1088 2279 1142 2307 my
1154 2269 1310 2309 journey.
1322 2287 1365 2290 —
1376 2269 1543 2299 fessum:

894 2312 1066 2351 participle
1081 2312 1158 2341 with
1174 2312 1231 2342 the
1243 2312 1336 2342 force
1350 2312 1387 2342 of
1399 2322 1419 2342 a
1430 2311 1545 2342 causal

893 2356 1017 2385 clause.
1031 2373 1074 2377 —
1087 2356 1200 2386 artior
1219 2378 1226 2386 .
1247 2378 1254 2385 .
1274 2378 1282 2385 .
1301 2365 1470 2392 somnus,
1524 2366 1545 2385 a

893 2400 1008 2438 deeper
1031 2422 1037 2428 .
1065 2422 1070 2427 .
1096 2424 1102 2429 .
1128 2399 1544 2439 ‚deep—cogitationes

897 2465 904 2472 .
924 2466 931 2472 .
951 2466 959 2472 .
977 2443 1143 2483 pariant:
1166 2442 1209 2473 cf.
1226 2443 1264 2473 de
1281 2443 1361 2473 Div.
1376 2443 1422 2472 II.
1440 2441 1499 2472 128
1516 2443 1545 2471 is
