1674 2698
312 125 749 159 'svscx'lanARx'lxl
791 123 1243 155 blffl‘x'i‘ix'sltmx'M
1281 123 1289 153 l
1441 129 1492 168 27

113 264 238 290 curae
264 257 377 297 sunt,
403 256 442 289 et
464 249 671 288 maximae
695 248 881 300 quidem,
898 260 1005 299 quac
1026 253 1122 298 post
1149 253 1328 285 mortem
1353 246 1495 285 sutura

113 330 208 362 smt.

222 382 352 419 Serit
387 380 603 426 arbores,
639 392 761 428 quae
796 378 944 416 alteri
977 378 1145 415 saeclo
1179 378 1386 426 prdsint‚

114 467 160 500 ut
182 459 239 500 ait
265 459 334 499 ille
358 459 397 498 in
425 457 709 512 Synephebis,
733 458 833 510 quid
854 463 1057 509 spectans
1076 455 1157 495 nisi
1177 457 1305 496 ctiam
1326 464 1497 509 postera

113 531 282 572 saecula
320 531 373 570 ad
407 545 451 569 se
487 530 732 582 pertinere?
800 530 918 581 Ergo
950 529 1125 568 arbores
1166 536 1277 569 seret
1314 528 1495 581 diligens

113 602 298 656 agricola
340 616 520 654 quarum
567 600 742 652 aspiciet
790 601 937 640 bacam
989 599 1080 652 ipse
1128 615 1384 653 numquam3
1435 601 1497 640 vir

1380 673 1494 715 Ouid

114 746 352 800 procreatio
370 747 613 794 liberorum,
640 745 741 798 quid
766 745 1017 797 propagatio
1033 745 1231 793 nominis,
1255 745 1356 797 quid
1372 746 1497 797 adop-

113 689 295 727 magnus
318 675 447 727 leges,
474 672 684 720 instituta,
714 686 801 712 rem
828 671 1040 724 publicam
1065 686 1151 712 non
1177 673 1314 713 seret?

113 818 300 859 tationes
320 819 515 865 filiorum,
535 818 635 870 quid
652 824 1011 857 testamentorum
1033 817 1264 870 diligentia,
1290 817 1390 869 quid
1408 817 1497 869 ipsa

115 891 408 943 sepulcrorum
428 896 716 935 monumenta,
736 889 874 941 elogia
892 888 1136 941 significant
1154 888 1235 928 nisi
1258 903 1336 928 nos
1353 889 1498 928 futura

115 962 241 1003 etiam
263 962 451 1015 cogitare
469 963 482 1001 ?

114 1041 293 1075 naturae
316 1034 411 1086 capi
433 1036 583 1074 deceat
608 1048 658 1074 ex
683 1034 842 1086 optima
857 1047 1026 1086 quaque
1041 1033 1223 1072 natura?
1289 1033 1412 1085 Quae
1431 1039 1495 1072 est

115 1103 264 1144 melior
286 1103 415 1156 igitur
440 1104 481 1142 in
505 1103 725 1148 hominum
749 1116 909 1155 genere
933 1109 1085 1142 natura
1108 1116 1235 1154 quam
1256 1115 1400 1142 eorum
1427 1100 1497 1153 qui

115 1189 162 1215 se
196 1182 322 1215 natos
357 1176 408 1215 ad
444 1175 640 1214 homines
672 1175 888 1221 iuvandos,
928 1174 1144 1221 tutandos,
1181 1173 1497 1213 conservandos

114 1247 405 1287 arbitrantur?
462 1246 581 1286 Abiit
600 1246 654 1286 ad
672 1246 776 1286 deos
799 1246 1037 1294 Hercules;
1069 1259 1301 1297 numquam
1322 1245 1494 1292 abisset,

116 1319 207 1367 nisi,
236 1333 331 1358 cum
356 1318 467 1358 inter
486 1317 682 1358 homines
707 1324 836 1366 esset,
861 1332 953 1358 eam
985 1316 1064 1357 sibi
1087 1317 1199 1357 viam
1227 1317 1494 1356 munivisset.

116 1391 278 1431 Vetera
301 1391 382 1430 iam
407 1390 488 1430 ista
519 1396 561 1429 et
589 1388 798 1442 religione
824 1389 1015 1429 omnium
1052 1395 1313 1429 consecrata.
1383 1387 1498 1441 Quid

543 962 688 1015 Quid?
718 962 819 1001 illud
840 975 942 1001 num
964 961 1134 1001 dubitas
1154 960 1253 1013 quin
1279 960 1495 1012 specimen
1522 974 1551 1003 3·

118 1489 260 1529 English
292 1488 397 1519 idiom
426 1488 538 1518 would
570 1488 700 1528 require
729 1498 772 1518 an

116 1532 253 1568 adverb,
288 1534 390 1563 tacite.
408 1551 451 1554 —
471 1532 561 1562 serit
589 1555 596 1561 .
623 1555 630 1561 .
658 1555 665 1561 .
692 1542 774 1571 pro-

117 1577 214 1608 sint:
241 1576 405 1617 probably
423 1586 442 1606 a
459 1576 618 1606 bacchiac
640 1580 772 1605 tetram-

116 1626 197 1657 eter,
219 1620 298 1651 read
316 1621 414 1651 thus:

142 1683 264 1711 υ-ᾲ-
280 1675 283 1718 l
302 1675 443 1719 vL-l
463 1681 584 1710 QL-
601 1674 604 1719 Ι
621 1681 747 1709 ——sffl

117 1756 193 1787 The
210 1756 291 1786 final
309 1755 447 1796 syllable
465 1754 503 1785 of
520 1754 610 1785 serit
628 1754 656 1784 is
675 1754 773 1784 made

117 1801 199 1840 long
221 1799 265 1840 by
286 1800 343 1829 the
365 1799 460 1829 ictus.
510 1799 584 1829 The
608 1799 672 1828 last
697 1798 771 1828 foot

116 1845 144 1875 is
158 1854 178 1874 a
192 1843 486 1874 molossus—ait
508 1843 567 1873 ille
584 1865 591 1872 .
608 1866 615 1872 .
632 1865 639 1872 .
656 1843 773 1881 Syne-

118 1888 272 1929 phebis:
300 1898 357 1918 see
384 1887 467 1917 Crit.
494 1888 604 1927 App.;
631 1887 703 1916 also
729 1886 772 1916 cf.

117 1934 155 1963 de
179 1933 255 1963 Sen.
284 1941 332 1970 24.
381 1931 454 1961 The
479 1931 673 1971 Synephebi,
707 1930 774 1960 lec

126 1977 243 2016 Young
256 1976 410 2011 Friends‚
424 1975 529 2006 based
549 1985 639 2015 upon
659 1984 678 2004 a
695 1974 773 2015 play

119 2021 155 2051 of
174 2019 371 2056 Menander,
390 2030 457 2050 was
474 2019 607 2050 written
631 2018 674 2059 by
691 2020 774 2049 Cae-

118 2065 214 2095 cilius
239 2064 368 2095 Statius
391 2064 480 2104 (eirc.
507 2062 658 2103 219-166
681 2062 772 2101 Bc),

118 2119 162 2139 an
210 2108 391 2138 Insubrian
438 2107 538 2142 Gaul,
584 2107 660 2137 who
704 2116 773 2136 was

117 2152 266 2193 brought
313 2158 348 2182 to
393 2152 503 2182 Rome
545 2161 565 2181 a
607 2151 772 2191 prisoner.

118 2196 219 2227 After
229 2196 475 2227 manumission
492 2195 621 2225 Statius
635 2194 774 2225 became

118 2240 177 2271 the
213 2250 389 2271 successor
424 2239 461 2269 of
502 2240 642 2269 Plautus
678 2249 714 2269 as
754 2248 774 2268 a

118 2285 229 2315 writer
246 2284 283 2314 of
299 2283 631 2323 comedies.—ergo
647 2292 654 2312 ε
673 2283 773 2312 intro-

117 2328 252 2368 ducing,
270 2328 302 2358 in
324 2328 381 2358 the
401 2327 489 2357 form
508 2327 544 2356 of
564 2336 583 2356 a
602 2326 772 2366 question,

119 2371 176 2402 the
199 2378 378 2412 argument
394 2371 484 2401 from
503 2371 559 2401 the
577 2370 642 2400 less
663 2375 698 2399 to
717 2369 773 2400 the

117 2422 259 2456 greater.
277 2434 319 2438 -—
336 2417 490 2446 bacam:
534 2416 555 2444 i.
564 2425 588 2444 c.
603 2414 772 2455 fructum.

841 1498 975 1518 —non
1005 1493 1125 1518 seret:
1160 1488 1243 1518 used
1276 1487 1498 1527 figuratively,

842 1532 921 1562 with
943 1532 1107 1562 omission
1125 1532 1162 1562 of
1187 1531 1399 1561 adversative
1424 1542 1499 1561 con-

841 1576 1005 1616 junction.
1029 1594 1071 1597 —-
1093 1575 1359 1615 adoptationes
1407 1575 1500 1605 filio-

843 1629 946 1650 rum:
999 1619 1164 1660 adoption
1219 1629 1288 1649 was
1338 1629 1497 1649 common

842 1674 968 1703 among
985 1663 1042 1694 the
1062 1664 1213 1693 Romans
1228 1662 1295 1693 and
1312 1662 1380 1693 had
1398 1663 1497 1692 much

841 1713 974 1747 greater
996 1707 1211 1747 significance
1233 1707 1313 1737 than
1337 1707 1360 1736 it
1384 1707 1445 1737 has
1465 1707 1496 1736 in

842 1762 907 1793 any
925 1751 1065 1782 modern
1085 1752 1213 1781 nation.
1225 1769 1268 1772 —
1280 1751 1496 1791 diligentia:

842 1795 1499 1835 i.c.thecarefulpreparation—monu-

843 1840 1126 1880 menta‚elogia:
1140 1845 1219 1869 note
1230 1839 1286 1869 the
1296 1839 1496 1879 asyndeton.

886 1883 939 1913 32.
974 1884 1171 1924 specimen
1213 1882 1370 1914 naturae
1405 1906 1412 1913 .

842 1933 999 1959 natura:
1032 1929 1084 1958 zle.
1111 1928 1168 1957 the
1193 1927 1281 1958 ideal
1307 1932 1384 1968 type
1409 1927 1437 1957 is
1462 1932 1497 1956 to

842 1972 882 2003 be
902 1972 1004 2002 taken
1023 1972 1111 2002 from
1131 1971 1187 2002 the
1205 1971 1280 2002 best
1300 1970 1495 2001 individual.

840 2017 1077 2048 ——iuvandos
1100 2039 1107 2046 .
1130 2039 1138 2046 .
1161 2039 1168 2046 .
1191 2015 1495 2046 conservandos:

842 2066 923 2091 note
940 2061 1116 2102 similan'ty
1132 2060 1170 2090 of
1186 2059 1331 2099 ending;
1349 2059 1390 2090 cf.
1408 2060 1495 2089 Som.

841 2106 926 2144 Scip.
942 2114 957 2146 5
970 2105 1120 2135 omnibus
1132 2105 1194 2144 qui
1204 2105 1355 2143 patriam
1375 2113 1498 2133 conser-

840 2151 997 2180 vaverint
1022 2149 1221 2179 adiuverint
1245 2148 1410 2177 auxerint
1435 2157 1498 2177 cer-

841 2198 910 2223 tum
930 2204 995 2223 esse
1017 2194 1053 2222 in
1075 2193 1162 2222 caelo
1182 2191 1355 2232 definitum
1377 2192 1496 2227 locum,

842 2238 898 2267 nbi
913 2238 995 2267 beati
1010 2247 1087 2266 aevo
1103 2237 1302 2276 sempiterno
1310 2236 1496 2276 fi'uantur.

841 2281 1106 2311 —Hercules:
1141 2290 1198 2310 see
1232 2280 1272 2310 28
1301 2290 1334 2309 n.
1352 2299 1393 2302 —
1412 2288 1495 2310 eam

844 2348 851 2354 .
872 2348 878 2354 .
899 2348 906 2354 .
924 2325 1025 2354 viam
1040 2334 1047 2354 ε
1073 2325 1124 2354 tle.
1142 2325 1230 2354 viam
1250 2325 1297 2354 ad
1309 2325 1448 2355 caelum.

888 2369 940 2403 15.
973 2373 1102 2398 vetera
1134 2391 1141 2397 .
1175 2391 1182 2397 .
1215 2391 1222 2397 .
1251 2373 1494 2398 consecrata:

843 2412 1005 2452 referring
1030 2417 1065 2442 to
1091 2412 1147 2442 the
1175 2411 1284 2442 fables
1317 2411 1497 2452 regarding

1545 974 1563 1003 ἰν

1525 1392 1565 1427 15
