1669 2698
78 441 122 478 27

78 485 119 515 66

76 1606 115 1638 67

150 123 204 164 50
556 121 603 153 M.
635 122 788 153 TVLLI
822 123 1112 155 CICERONIS

145 247 307 289 natura,
332 241 386 281 ab
420 242 658 284 Aristotele
691 244 864 284 inducta
897 244 1094 296 primum,
1124 245 1230 284 haec
1263 252 1304 285 et
1338 246 1514 286 deorum

144 319 208 352 est
233 319 275 352 et
298 312 549 354 animorum.
619 315 745 354 Hanc
769 329 847 354 nos
872 315 1130 355 sententiam
1157 315 1293 355 secuti
1323 315 1389 356 his
1412 316 1515 368 ipsis

143 383 284 424 verbis
307 385 349 423 in
376 385 680 426 Consolatione
707 387 822 440 [hoc]
849 386 1166 438 expressimus:

208 455 487 496 ‘Animorum
537 457 652 497 nulla
698 458 737 496 in
787 457 913 497 terris
961 457 1079 510 origo
1128 458 1307 498 inveniri
1357 465 1511 511 potest.

145 526 263 566 Nihil
294 527 405 567 enim
438 534 502 567 est
535 529 577 567 in
608 528 760 568 animis
791 528 970 568 mixtum
1003 536 1132 582 atque
1154 537 1417 578 concretum,
1440 537 1512 570 aut

143 599 257 650 quod
280 611 330 638 ex
353 605 467 639 terra
490 606 637 639 natum
660 606 790 652 atque
813 600 961 640 fictum
987 614 1081 641 esse
1104 600 1308 648 videatur,
1334 601 1436 641 nihil
1460 615 1514 642 ne

141 676 214 708 aut
246 669 437 709 umidum
469 670 640 722 quidem
671 678 742 711 aut
771 671 911 712 flabile
937 679 1009 711 aut
1040 672 1223 724 igneum.
1295 672 1376 712 His
1400 673 1511 712 enim

143 741 183 780 in
249 740 411 780 naturis
461 741 563 780 nihil
610 742 718 782 inest
764 744 877 794 quod
922 743 1006 782 vim
1052 743 1292 790 memoriae,
1340 744 1509 791 mentis,

142 811 414 864 cogitationis
444 813 610 860 habeat,
645 815 758 865 quod
790 820 830 854 et
862 814 1091 866 praeterita
1121 821 1265 854 teneat
1296 822 1335 854 et
1368 815 1514 855 futura

140 883 360 935 provideat
385 890 426 923 et
453 885 677 936 complecti
701 886 833 936 possit
861 886 1112 937 praesentia,
1134 899 1243 938 quae
1262 886 1350 925 sola
1373 886 1513 927 divina

142 962 253 1002 sunt,
281 968 361 995 nec
394 955 636 995 invenietur
667 970 869 1008 umquam
899 958 1012 997 unde
1041 958 1095 997 ad
1123 956 1339 997 hominem
1368 957 1513 998 venire

141 1026 305 1078 possint
326 1025 407 1065 nisi
424 1040 447 1066 a
466 1027 556 1067 deo.
626 1027 862 1079 Singularis
883 1035 947 1068 est
974 1027 1103 1080 igitur
1127 1029 1336 1081 quaedam
1360 1036 1512 1069 natura

141 1105 270 1150 atque
294 1099 355 1138 vis
378 1098 507 1138 animi
532 1098 723 1139 seiuncta
745 1100 799 1139 ab
824 1099 890 1139 his
916 1099 1084 1139 usitatis
1109 1102 1309 1153 notisque
1332 1100 1509 1141 naturis.

144 1171 219 1218 Ita,
256 1171 457 1224 quicquid
501 1179 565 1212 est
606 1172 706 1212 illud
746 1174 860 1225 quod
895 1174 1037 1221 sentit,
1079 1175 1192 1226 quod
1237 1174 1357 1226 sapit,
1399 1175 1512 1226 quod

140 1243 256 1291 vivit,
291 1244 403 1296 quod
438 1243 566 1297 viget,
602 1245 787 1285 caeleste
821 1251 863 1284 et
897 1245 1084 1284 divinum
1119 1245 1174 1285 ob
1208 1259 1388 1298 eamque
1422 1259 1511 1285 rem

139 1321 362 1354 aeternum
403 1316 454 1355 sit
502 1329 679 1355 necesse
724 1323 803 1355 est.
873 1317 965 1356 Nec
1009 1330 1109 1356 vero
1154 1318 1258 1357 deus
1297 1318 1400 1369 ipse,
1442 1316 1513 1369 qui

141 1385 404 1438 intellegitur
426 1400 449 1426 a
473 1387 608 1435 nobis,
633 1387 714 1426 alio
745 1388 870 1427 modo
903 1387 1092 1440 intellegi
1118 1395 1260 1440 potest
1285 1388 1366 1428 nisi
1389 1402 1512 1428 mens

143 1457 280 1497 soluta
302 1458 509 1510 quaedam
535 1465 575 1498 et
600 1458 742 1506 libera,
770 1466 995 1511 segregata
1024 1459 1077 1499 ab
1101 1459 1217 1499 omni
1241 1459 1512 1499 concretione

140 1529 318 1575 mortali,
341 1529 482 1569 omnia
505 1530 696 1570 sentiens
721 1537 761 1569 et
788 1544 965 1569 movens
985 1531 1162 1583 ipsaque
1179 1532 1369 1582 praedita
1392 1538 1511 1571 motu

142 1601 429 1651 sempiterno.’
498 1602 595 1641 Hoc
627 1615 649 1641 e
679 1615 838 1653 genere
869 1608 997 1654 atque
1031 1602 1178 1642 eadem
1211 1615 1233 1642 e
1264 1609 1417 1642 natura
1446 1609 1510 1642 est

140 1671 325 1711 humana
349 1672 657 1712 mens—Vbi
681 1672 811 1724 igitur
832 1679 905 1712 aut
931 1672 1066 1725 qualis
1090 1680 1155 1712 est
1182 1673 1262 1713 ista
1286 1674 1512 1713 mens?——

140 1742 224 1781 Vbi
258 1750 331 1782 tua
367 1750 440 1783 aut
472 1743 641 1795 qualis?
707 1751 886 1796 potesne
917 1744 1090 1784 dicere?
1121 1757 1189 1791 an,
1222 1743 1256 1784 si
1286 1744 1426 1785 omnia
1458 1745 1512 1785 ad

141 1853 147 1860 .
169 1853 175 1859 .
196 1853 203 1860 .
218 1836 373 1861 natura:
392 1841 448 1861 see
466 1832 617 1871 quintam
634 1855 640 1860 .
657 1855 661 1860 .
678 1855 683 1860 .
699 1835 791 1861 natu-
861 1841 941 1861 mon
966 1841 1068 1871 usage
1091 1841 1138 1861 we
1163 1831 1285 1861 should
1311 1836 1430 1871 expect
1455 1831 1512 1862 the

139 1885 224 1907 ram,
242 1883 279 1903 22
295 1885 381 1904 n.——
397 1875 685 1905 Consolatione:
705 1875 792 1905 after
860 1875 987 1905 adverb
1010 1877 1114 1905 solnm
1142 1875 1220 1905 with
1250 1875 1307 1905 the
1331 1875 1511 1915 predicate.

139 1918 196 1948 the
220 1917 323 1948 death
347 1918 383 1948 of
407 1918 459 1949 his
481 1918 647 1957 daughter
670 1919 792 1954 Tullia,
860 1919 1064 1950 —usitatis
1091 1942 1098 1949 .
1126 1942 1133 1949 .
1160 1942 1167 1949 .
1194 1919 1359 1950 naturis:
1391 1920 1439 1949 i.e.
1455 1919 1512 1949 the

139 1970 178 2001 45
200 1970 273 1999 B.C.‚
292 1962 412 1992 Cicero
431 1968 533 1992 wrote
556 1962 614 1992 the
636 1964 689 1992 De
712 1964 792 1993 Con·
859 1962 937 1993 four
962 1963 1263 2003 elements.—qui
1286 1986 1293 1993 .
1321 1986 1329 1992 .
1356 1985 1363 1993 .
1389 1964 1509 1999 nobis,

138 2006 296 2037 solatione
316 2006 405 2047 (now
421 2006 513 2045 lost).
859 2017 893 2036 so
899 2007 967 2047 for
981 2017 1018 2036 as
1034 2007 1074 2036 lte
1093 2008 1122 2036 is
1141 2007 1341 2037 understood
1357 2007 1394 2045 by
1411 2017 1459 2037 us.
1470 2025 1512 2028 —-

183 2048 239 2084 ¹27,
274 2049 328 2079 66.
369 2050 406 2080 in
446 2050 577 2080 terris:
612 2055 691 2080 note
734 2050 791 2080 the
860 2052 907 2081 ab
928 2050 1030 2081 omni
1048 2072 1057 2081 .
1076 2073 1085 2081 .
1104 2073 1111 2080 .
1131 2050 1396 2090 mortali,from
1417 2061 1512 2090 every

139 2092 334 2124 attributive
366 2093 460 2124 force
495 2094 531 2123 of
566 2094 622 2123 the
658 2094 790 2133 phrase,
862 2095 1052 2132 perislmble
1064 2096 1430 2125 demam—movens
1449 2116 1456 2124 .
1476 2117 1483 2124 .
1503 2116 1510 2124 .

139 2137 300 2177 standing
334 2137 485 2168 between
523 2137 690 2176 adjective
726 2137 791 2167 and
861 2138 1111 2178 sempiterno:
1137 2138 1179 2168 cf.
1200 2147 1248 2179 54.

140 2180 519 2212 substantive—nihil
536 2191 583 2211 ne
610 2204 617 2211 .
646 2204 653 2211 .
681 2204 688 2211 .
714 2182 793 2221 qui·
905 2181 959 2212 67.
992 2182 1055 2212 ubi
1089 2182 1222 2221 igitur:
1268 2181 1324 2212 the
1354 2181 1510 2222 question

140 2225 248 2254 dem:
291 2235 346 2255 see
382 2233 420 2265 53
446 2235 520 2254 n.——
534 2225 669 2261 flabile,
698 2227 790 2264 aima·
860 2224 897 2254 of
930 2235 950 2254 a
986 2225 1158 2265 supposed
1195 2230 1378 2265 opponent,
1411 2225 1511 2255 intro-

140 2267 259 2298 Cicero
299 2269 469 2309 generally
509 2279 585 2299 uses
624 2270 790 2308 spirabile.
860 2268 970 2299 duced
1006 2269 1059 2298 for
1091 2269 1270 2299 rhetorical
1308 2268 1407 2299 effect
1444 2268 1511 2298 and

139 2312 274 2342 —sola
315 2312 462 2343 divina:
511 2313 591 2343 sola
620 2313 648 2342 is
684 2318 719 2342 to
750 2312 791 2342 be
859 2313 1031 2343 answered
1068 2312 1110 2354 by
1147 2312 1205 2342 the
1242 2313 1418 2352 questions
1451 2312 1511 2342 fol-

139 2355 243 2385 taken
268 2356 347 2386 with
373 2357 499 2387 divina
528 2356 595 2387 and
627 2361 686 2386 not
712 2356 790 2386 with
859 2356 992 2396 lowing‚
1004 2356 1067 2387 ubi
1079 2362 1143 2387 tua
1162 2378 1171 2387 .
1191 2379 1199 2386 .
1219 2379 1225 2385 .
1242 2356 1511 2395 licebit?—p0-

139 2408 257 2438 quae;
275 2399 457 2440 according
474 2405 509 2430 to
527 2401 584 2430 the
599 2410 690 2430 more
705 2410 791 2430 corn-
859 2405 982 2430 tesne:
995 2410 1071 2436 -ne,
1083 2400 1212 2440 though
1222 2399 1398 2439 appended
1409 2404 1443 2429 to
1453 2399 1511 2429 the
