1669 2698
117 1007 155 1038 14

189 174 238 211 14
588 166 639 198 M.
670 166 823 198 TVLLI
862 166 1152 199 CICERONIS

181 287 291 327 inter
315 302 361 328 se
384 288 574 328 diversos
592 294 635 328 et
659 287 764 327 caeli
782 287 1013 328 verticibus
1037 289 1138 340 ipsis
1158 302 1207 328 ex
1231 295 1410 342 utraque
1431 298 1554 342 parte

182 359 385 398 subnixos
418 359 657 411 obriguisse
690 359 841 412 pruina
873 359 1006 407 vides,
1038 359 1224 399 medium
1257 367 1402 400 autem
1436 360 1552 401 illum

180 437 223 470 et
250 431 481 470 maximum
506 430 606 470 solis
629 431 780 470 ardore
804 430 968 470 torreri.
1038 431 1136 469 Duo
1159 437 1259 470 sunt
1288 431 1550 480 habitabiles,

181 515 361 554 quorum
388 501 586 541 australis
613 501 694 548 1116,
721 501 759 540 111
787 515 872 553 quo
902 501 974 553 qui
1001 500 1204 541 insistunt
1231 503 1410 542 adversa
1431 503 1552 543 vobis

180 579 334 625 urgent
359 572 551 625 vestigia,
578 572 681 612 nihil
704 573 757 612 ad
780 579 971 613 vestrum
995 586 1133 625 genus
1152 586 1159 621 ;
1189 573 1257 612 hic
1278 580 1423 614 autem
1446 574 1553 614 alter

181 643 399 684 subiectus
426 644 625 696 aquiloni,
650 657 777 695 quem
808 643 1005 691 incolitis,
1028 657 1156 684 cerne
1183 657 1308 696 quam
1336 644 1456 684 tenui
1477 659 1553 686 vos

180 722 301 767 parte
323 715 555 767 contingat.
623 714 778 754 Omnis
797 714 911 754 enim
935 722 1050 755 terra
1065 729 1175 767 quae
1198 715 1351 755 colitur
1371 729 1396 755 a
1418 716 1550 765 vobis,

178 792 409 838 angustata
451 785 694 833 verticibus,
741 785 946 826 lateribus
993 787 1128 834 latior,
1172 800 1303 838 parva
1344 788 1551 839 quaedam

180 857 317 897 insula
345 864 421 904 est,
455 857 716 897 circumfusa
746 856 817 897 illo
844 858 949 897 mari
979 858 1092 910 quod
1122 858 1406 906 Atlanticum,
1440 859 1552 911 quod

180 942 397 981 magnum,
423 942 549 981 quem
575 929 796 969 Oceanum
824 928 1048 981 appellatis
1078 928 1120 968 in
1148 928 1285 976 terris,
1309 930 1380 982 qui
1407 936 1552 970 tamen

1126 1000 1191 1040 Ex
1213 1000 1280 1040 1115
1302 1000 1403 1053 ipsis
1427 1001 1553 1041 cultis

179 1070 379 1123 notisque
412 1070 536 1110 terris
570 1085 672 1110 num
706 1078 779 1111 aut
812 1078 935 1111 tuum
969 1078 1041 1111 aut
1075 1071 1324 1124 cuiusquam
1359 1078 1551 1112 nostrum

179 1007 301 1039 tanto
324 1000 495 1039 1101111116
518 1014 644 1052 quam
670 1001 723 1040 sit
746 1014 904 1052 parvus
927 1000 1059 1040 vides.

180 1155 335 1181 nornen
369 1142 436 1182 vel
472 1142 711 1182 Caucasum
745 1143 870 1190 hunc,
905 1155 1034 1195 quem
1067 1142 1216 1191 cernis,
1248 1144 1553 1184 transcendere

180 1214 317 1265 potuit
355 1213 420 1252 vel
455 1213 571 1252 11111111
626 1214 807 1267 Gangen
850 1215 1096 1255 tranatare?
1161 1214 1269 1267 Quis
1307 1213 1349 1252 in
1381 1211 1552 1265 reliquis

180 1284 357 1324 orientis
385 1292 456 1323 aut
485 1284 685 1324 obeuntis
713 1284 813 1323 solis
844 1283 1004 1323 ultimis
1030 1289 1105 1322 aut
1131 1283 1339 1335 aquilonis
1365 1281 1554 1322 austrive

180 1355 373 1408 partibus
396 1362 519 1395 tuum
547 1368 703 1395 nomen
727 1355 895 1394 audiet?
960 1354 1129 1406 Quibus
1156 1354 1389 1405 amputatis
1413 1353 1552 1394 cernis

182 1426 376 1479 profecto
415 1425 588 1479 quantis
627 1425 667 1465 in
707 1425 917 1478 angustiis
955 1431 1098 1465 vestra
1136 1438 1182 1465 se
1218 1424 1352 1477 gloria
1390 1423 1554 1464 dilatari

183 1541 302 1567 zones3
328 1530 369 1560 cf.
400 1531 492 1560 Tusc.
520 1531 545 1559 Ι.
572 1538 613 1569 45
637 1529 703 1559 and
727 1530 832 1569 69.—

183 1574 276 1604 caeli
300 1574 517 1610 verticibus,
539 1574 592 1603 tlte
608 1575 700 1613 poles
725 1575 764 1613 of
780 1574 833 1603 tlte

181 1619 321 1647 lmzz'ens
332 1628 345 1654 ;
371 1618 423 1647 for
447 1618 502 1648 the
523 1617 682 1656 meaning
706 1617 742 1647 of
765 1628 833 1648 ver-

180 1667 246 1697 lcx,
264 1661 304 1692 cf.
323 1663 368 1692 N.
387 1663 432 1691 D.
453 1662 498 1691 II.
521 1669 598 1701 105:

182 1732 411 1769 Ertrcmusqltc
426 1733 499 1760 adeo
516 1732 634 1769 duplici
653 1733 689 1759 de
706 1732 835 1759 sardine

296 1775 397 1798 vertex

182 1810 313 1836 Dicitur
326 1819 384 1836 csse
392 1809 492 1846 polus.

182 1883 429 1919 —Subnixos,
462 1884 560 1922 lyz'ng
589 1883 834 1912 under—au-

183 1926 330 1957 stralis:
357 1927 414 1957 the
439 1927 541 1956 south
562 1931 764 1966 temperate;
791 1926 832 1955 cf.

189 1971 280 2000 Tusc.
295 1970 540 2001 [ὀᾶ-1111111
559 1971 604 2000 ad
620 1993 627 2000 .
644 1993 651 2000 .
668 1993 676 2000 .
692 1979 833 2009 genus:

182 2024 229 2044 56.
254 2014 537 2053 pertinet.—hic
557 2037 565 2045 .
584 2036 593 2045 .
612 2036 621 2044 .
639 2014 834 2044 subiectus

183 2059 368 2098 aquiloni:
404 2058 558 2099 opposed
587 2064 622 2088 to
657 2057 834 2088 australis

183 2103 255 2140 ine,
281 2102 407 2139 above;
437 2103 632 2133 subiectus
657 2101 833 2142 aquiloni,

184 2156 203 2175 a
250 2146 359 2186 poetic
398 2146 531 2186 phrase.
549 2165 591 2168 —
608 2150 833 2186 angustata:

183 2189 251 2220 this
276 2190 356 2220 verb
383 2191 412 2221 is
436 2189 545 2220 found
574 2190 605 2220 in
633 2190 752 2220 Cicero
781 2199 835 2228 ap-

183 2234 336 2275 parently
359 2235 440 2275 only
461 2233 832 2269 here.—verticibus,

183 2282 219 2306 at
244 2278 297 2307 the
318 2278 419 2316 poles,
446 2277 547 2307 north
573 2276 640 2307 and
668 2276 835 2307 south.—

184 2320 383 2351 lateribus:
410 2322 460 2351 zie.
482 2321 571 2351 from
594 2326 667 2351 east
686 2325 721 2350 to
742 2325 833 2350 west.

184 2382 226 2385 —
243 2374 358 2404 parva
385 2388 393 2395 .
419 2387 427 2395 .
454 2387 462 2394 .
487 2365 630 2395 insula:
665 2364 707 2394 cf.
724 2365 770 2394 N,
788 2365 833 2393 D.

188 2408 233 2437 ΙΙ.
260 2408 319 2449 165
351 2410 404 2438 sin
435 2413 543 2438 autem
573 2410 627 2438 lzis
657 2409 838 2438 consulunt

188 2451 262 2490 (dii)
284 2454 345 2491 qui
362 2454 460 2492 quasi
480 2463 635 2493 magnam
661 2452 832 2493 quandam

900 1531 1047 1560 insulam
1067 1531 1226 1566 incolunt,
1249 1541 1348 1570 quam
1369 1541 1428 1560 nos
1443 1531 1550 1560 orbem

900 1579 1008 1604 terrac
1035 1585 1197 1610 vocamus,
1222 1575 1320 1604 etiam
1348 1575 1418 1604 illis
1442 1584 1554 1604 consu-

901 1619 981 1648 lunt
995 1620 1055 1658 qui
1067 1623 1183 1657 partes
1199 1619 1268 1648 eius
1285 1618 1416 1648 insulae
1434 1623 1552 1653 tenent,

904 1663 1089 1700 Europam,
1107 1663 1237 1697 Asiam,
1256 1663 1285 1691 A
1280 1662 1420 1702 frisam.
1432 1681 1475 1684 —
1487 1662 1553 1692 cir-

904 1706 1078 1736 cumfusa
1097 1729 1104 1735 .
1124 1729 1131 1735 .
1151 1728 1159 1735 .
1178 1706 1291 1735 mari:
1323 1705 1380 1735 the
1402 1705 1553 1735 ancients

903 1749 1049 1788 thought
1086 1749 1158 1779 that
1199 1749 1255 1779 the
1291 1759 1398 1779 ocean
1434 1749 1551 1779 flowed

903 1793 1012 1823 round
1031 1793 1087 1823 the
1108 1793 1200 1823 earth
1224 1793 1291 1823 like
1310 1803 1329 1823 3
1346 1798 1440 1832 great
1457 1793 1552 1823 river.

902 1846 1070 1877 —quem
1100 1838 1314 1867 Oceanum:
1347 1837 1388 1866 cf.
1412 1847 1504 1876 quae,
1526 1845 1551 1877 5.

902 1886 1061 1911 —tanto
1084 1881 1256 1910 nomine:
1291 1880 1439 1910 ablative
1458 1880 1553 1910 abso-

902 1925 973 1955 lute
998 1924 1077 1954 with
1105 1924 1302 1955 concessive
1327 1924 1431 1961 force3
1472 1929 1552 1954 note

903 1969 960 1999 the
984 1979 1046 1999 use
1068 1968 1105 1999 of
1127 1974 1269 2000 tamen.

948 2012 1002 2042 14.
1035 2022 1172 2043 nornen
1195 2036 1203 2043 .
1226 2035 1233 2042 .
1256 2035 1264 2042 .
1285 2012 1552 2042 transcendere

904 2079 912 2086 .
932 2079 939 2086 .
960 2080 967 2086 .
985 2062 1195 2087 tranatare:
1218 2055 1552 2095 personification.—

904 2103 1119 2133 Caucasum
1135 2124 1141 2131 .
1159 2125 1166 2131 .
1183 2125 1190 2131 .
1207 2103 1386 2141 Gangen:
1408 2100 1552 2131 referred

902 2152 936 2175 10
954 2146 988 2175 111
1006 2156 1025 2175 3
1041 2145 1175 2185 general
1193 2155 1292 2175 sense
1309 2155 1345 2174 as
1364 2144 1451 2174 “the
1468 2143 1552 2174 ends

902 2189 938 2219 of
949 2190 1006 2219 the
1018 2189 1113 2219 earth
1124 2189 1160 2226 ”3
1181 2189 1222 2219 cf.
1237 2189 1311 2227 Juv.
1328 2198 1375 2218 10.
1391 2197 1400 2217 1
1417 2199 1437 2217 a
1455 2188 1553 2217 Gadi—

902 2234 959 2263 bus
980 2243 1082 2272 usque
1103 2233 1275 2262 Auroram
1298 2236 1330 2261 et
1353 2232 1554 2271 Gangen.—

902 2275 1079 2306 obeuntis
1094 2274 1150 2304 for
1171 2274 1344 2304 occidentis
1358 2273 1387 2303 is
1408 2271 1553 2303 unusual

901 2318 935 2348 in
947 2328 1109 2357 prose.—
1119 2318 1236 2358 gloria
1248 2316 1412 2347 dilatari:
1425 2315 1553 2346 editors

902 2372 1061 2402 compare
1078 2362 1156 2392 with
1175 2361 1241 2391 this
1265 2361 1342 2391 Sen.
1361 2361 1426 2399 Ep.
1443 2368 1493 2399 91.
1515 2366 1552 2396 17

903 2407 1100 2437 Alexander
1122 2405 1340 2435 Macedonum
1374 2414 1435 2434 rex
1458 2404 1554 2434 disce-

903 2461 938 2480 re
963 2450 1175 2490 geometriam
1204 2452 1349 2487 coeperat
1360 2457 1373 2483 ,·
1409 2444 1554 2488 infelix!
