1674 2698
534 140 786 173 SOMNIVM
824 140 1094 172 sell’loNIS

126 265 240 305 velit.

126 343 197 377 tur
218 336 320 376 diu?

1458 146 1501 185 15

310 263 398 316 Ipsi
420 270 576 310 autem,
598 261 670 315 qui
693 263 744 302 de
768 261 892 302 nobis
915 261 1161 314 loquuntur,
1182 274 1310 313 quani
1334 261 1506 312 loquen-

188 407 303 461 Quin
332 407 473 454 etiam,
500 406 535 446 si
565 404 706 458 cupiat
737 404 878 457 proles
910 404 978 444 illa
1007 404 1251 444 futurorum
1283 402 1501 443 hominum

126 479 329 531 deinceps
359 478 507 518 laudes
541 476 667 517 unius
698 476 906 529 cuiusque
939 483 1136 516 nostrum
1167 489 1192 515 a
1222 475 1415 527 patribus
1442 489 1506 514 ac-

127 557 274 603 ceptas
297 549 482 603 posteris
509 549 704 602 prodere,
729 556 872 588 tamen
903 554 1078 600 propter
1105 547 1326 588 eluviones
1351 547 1505 587 exusti-

127 635 317 674 onesque
344 629 568 669 terrarum,
596 634 702 673 quas
728 619 923 660 accidere
954 626 1150 671 tempore
1182 626 1300 658 certo
1329 631 1506 658 necesse

128 700 207 741 est,
253 707 338 733 non
383 693 510 732 modo
551 699 784 739 aeternam,
830 691 904 731 sed
949 704 1003 730 nc
1045 690 1290 730 diuturnam
1334 689 1506 742 quidem

128 764 306 818 gloriam
334 764 512 816 adsequi
539 777 782 816 possumus.

849 762 964 815 Quid
991 769 1136 802 autem
1164 761 1358 809 interest,
1382 761 1436 801 ab
1460 760 1509 801 iis

128 836 201 889 qui
230 843 381 888 postea
410 842 642 875 nascentur
677 848 919 875 sermonem
953 834 1045 873 fore
1074 834 1127 873 de
1161 840 1214 880 tc,
1246 846 1343 872 cum
1375 832 1428 872 ab
1458 832 1508 872 iis

129 907 271 947 nullus
302 906 429 947 fuerit
465 906 537 960 qui
569 913 671 947 ante
704 906 793 946 nati
828 906 959 945 sunt?
993 905 1065 958 qui
1096 918 1176 945 nec
1211 905 1432 957 pauciores
1466 910 1507 944 ct

131 986 247 1020 certe
280 978 477 1019 meliores
511 979 687 1018 fuerunt
718 978 823 1027 viri3
855 978 1108 1030 praesertim
1144 990 1253 1025 cum,
1285 977 1398 1029 apud
1437 990 1510 1016 cos

130 1074 275 1103 sciturus
287 1084 385 1113 qnam
396 1073 528 1112 pusilla
543 1077 633 1102 terra
645 1077 734 1107 esset,
746 1082 787 1102 cx

131 1128 196 1157 qua
205 1118 324 1147 minim
332 1128 386 1146 um
400 1121 622 1155 occupaverat.
631 1135 673 1138 —
680 1125 786 1156 quam

133 1184 140 1191 .
161 1184 167 1191 .
188 1184 195 1191 .
214 1161 300 1191 diu:
327 1161 453 1196 tmesis,
475 1160 518 1201 by
543 1160 653 1191 which
679 1160 742 1191 diu
760 1160 787 1190 is

132 1204 356 1244 emphasized.

178 1248 209 1284 ἴ.
244 1248 297 1278 15.
330 1249 421 1289 quin
447 1249 573 1285 etiam,
601 1258 677 1288 nay,
699 1258 787 1283 even,

132 1293 258 1333 adding
300 1303 320 1323 a
362 1299 519 1333 stronger
558 1291 789 1323 assertion—

133 1337 278 1377 proles:
297 1338 412 1377 proles
430 1337 458 1368 is
483 1337 607 1378 mostly
624 1336 732 1367 found
755 1336 788 1366 in

133 1386 270 1422 poetry;
287 1380 330 1412 cf.
343 1382 382 1411 dc
397 1382 454 1411 Or.
469 1382 535 1411 III.
551 1389 620 1421 153.
632 1400 675 1403 —
686 1380 789 1410 dein-

134 1435 237 1465 ceps,
257 1426 353 1467 from
377 1427 573 1464 generation
601 1429 632 1454 to
652 1435 790 1464 gencra-

133 1471 280 1499 t1'0u.-—a
293 1470 465 1510 patribus
477 1474 668 1509 acceptas,
679 1468 788 1498 which

135 1514 208 1553 they
218 1514 289 1543 had
300 1515 407 1543 heard
407 1514 503 1554 from
518 1514 610 1543 their
620 1513 736 1543 eldcrs.
747 1530 790 1534 —

136 1558 331 1588 eluviones
354 1558 649 1597 exustionesque
675 1562 790 1586 terra-

136 1611 238 1632 rum:
266 1612 286 1631 a
309 1601 481 1632 reference
498 1606 535 1631 to
554 1601 610 1631 the
631 1600 732 1630 belief
754 1599 790 1629 of

134 1645 268 1676 ancient
311 1645 550 1685 philosophers
596 1644 790 1685 (especially

135 1690 193 1720 the
206 1689 331 1728 Stoics)
345 1689 417 1719 that
429 1690 486 1719 the
495 1689 590 1719 earth
600 1689 629 1719 is
640 1687 789 1718 doomed

137 1739 172 1764 to
196 1733 302 1763 suffer
323 1733 534 1764 destruction
558 1733 601 1774 by
622 1733 789 1763 alternate

136 1777 227 1807 flood
258 1778 324 1808 and
356 1778 424 1808 fire.
474 1777 587 1808 When
620 1777 677 1808 the
710 1777 790 1817 fiery

135 1822 231 1852 ether
244 1822 281 1852 of
297 1822 404 1852 which
419 1822 477 1852 the
491 1822 656 1862 heavenly
670 1821 789 1851 bodies

135 1876 191 1896 are
217 1866 403 1905 composed
426 1866 488 1897 has
514 1865 704 1897 exhausted
733 1865 790 1895 the

136 1909 299 1939 moisture
318 1910 354 1940 of
373 1910 430 1940 the
454 1910 560 1946 earth,
578 1910 659 1940 then
682 1919 701 1939 a
722 1909 790 1939 uni-

136 1954 244 1984 versal
284 1954 531 1993 conflagration
563 1954 628 1983 will
663 1953 788 1988 follow,

136 1997 224 2027 from
247 1997 356 2027 which
383 2007 403 2027 a
429 2007 503 2028 new
525 1997 629 2027 world
657 1997 722 2027 will
749 1996 789 2026 be

136 2041 232 2071 born.
280 2041 400 2080 Again,
430 2041 527 2071 when
556 2041 613 2071 the
641 2040 790 2071 ethereal

137 2085 214 2115 fires
237 2095 294 2114 are
319 2095 496 2115 overcome
521 2084 565 2126 by
589 2085 646 2115 the
670 2089 790 2114 waters

137 2128 174 2158 of
212 2129 270 2159 the
302 2129 395 2159 earth
429 2128 496 2159 and
527 2138 595 2164 sea,
620 2128 700 2158 then
732 2128 790 2158 the

137 2172 241 2202 world
260 2172 325 2202 will
342 2172 384 2203 be
400 2172 542 2212 purified
555 2171 624 2202 and
637 2172 789 2202 renewed

137 2216 182 2257 by
199 2216 308 2253 flood;
333 2216 376 2246 cf.
400 2217 533 2246 Lucret.
555 2216 595 2245 V.
617 2215 790 2256 380—4153

139 2260 203 2290 Ov.
228 2261 308 2290 Met.
333 2260 359 2290 I.
386 2268 554 2300 253—4153
581 2260 650 2290 Cic.
680 2261 725 2290 Ν.
744 2261 790 2289 D.

140 2304 188 2333 II.
215 2303 273 2334 118
297 2308 379 2334 sunt
398 2309 507 2334 autem
533 2305 644 2334 stellae
666 2308 791 2333 natura

131 2348 336 2388 flammeac;
361 2349 512 2387 quocirca
534 2352 651 2383 terrae,
672 2348 791 2382 maris,

139 2402 305 2431 aquarum
325 2392 502 2431 vaporibus
513 2392 660 2422 aluntur
675 2392 718 2421 iis
734 2390 795 2430 qui

139 2445 160 2465 a
176 2437 241 2466 sole
252 2446 293 2466 ex
308 2437 400 2475 agris
417 2435 581 2475 tepefactis
595 2439 627 2465 et
640 2446 681 2465 ex
697 2435 794 2474 aquis

856 1072 1057 1102 excitantur.
1077 1094 1082 1100 .
1103 1070 1109 1099 ζ
1127 1095 1133 1100 .
1166 1071 1226 1100 Ex
1243 1081 1306 1110 quo
1315 1074 1508 1100 eventurum

858 1117 1098 1154 nostriputant
1110 1116 1148 1144 id
1159 1138 1165 1143 .
1181 1138 1187 1143 .
1203 1138 1209 1143 .
1225 1115 1316 1144 atad
1324 1119 1509 1144 extremum

857 1161 967 1190 omnis
1008 1159 1157 1188 mundus
1204 1160 1388 1197 innascere&
1437 1169 1509 1187 cum

858 1214 972 1233 amore
996 1207 1187 1242 consumpto
1215 1212 1318 1242 neque
1342 1207 1432 1232 terra
1462 1202 1514 1231 ali

850 1251 963 1288 posset
986 1258 1042 1278 nec
1067 1251 1226 1276 remearet
1245 1249 1303 1276 (ιζ”ν
1321 1269 1326 1274 .
1347 1269 1352 1274 .
1372 1269 1377 1275 .
1396 1247 1441 1275 ita
1468 1256 1513 1275 re-

858 1292 974 1331 linqui
996 1291 1086 1320 nillil
1102 1295 1238 1330 praeter
1261 1292 1380 1329 (gruem,
1405 1301 1425 1319 α
1449 1300 1513 1329 quo

858 1346 999 1365 rursum
1017 1336 1193 1365 animante
1212 1345 1249 1364 ac
1267 1335 1323 1363 dco
1346 1335 1513 1364 remwatio

859 1380 983 1409 mnndi
1002 1379 1104 1419 fieret
1129 1383 1226 1418 atque
1258 1379 1342 1408 idem
1375 1381 1513 1407 ornatus

859 1427 1011 1453 oreretur
1024 1433 1035 1457 ,·
1066 1424 1143 1453 Sen.
1169 1423 1215 1452 N.
1242 1422 1279 1459 Q.
1304 1422 1371 1451 III.
1399 1430 1435 1459 27
1459 1420 1512 1457 ff.;

860 1467 928 1497 and
952 1466 1104 1496 Macrob.
1126 1467 1214 1496 Sem.
1232 1467 1318 1504 Scip.
1339 1465 1384 1494 ΙΙ.
1408 1474 1454 1495 10.
1476 1473 1512 1505 13

858 1522 896 1541 ac
922 1521 1042 1540 rursus
1065 1511 1161 1549 longo
1191 1514 1374 1548 temporum
1405 1513 1513 1539 tractu

859 1556 907 1585 ila
928 1565 1074 1584 crescens
1097 1564 1195 1583 umor
1216 1554 1319 1583 altius
1342 1554 1456 1588 vincit,
1477 1556 1515 1582 ut

859 1601 959 1629 terris
976 1598 1182 1638 infundatur
1197 1598 1314 1631 eluvie,
1328 1606 1514 1636 rursusque

860 1643 953 1673 calar
966 1647 1046 1682 post
1063 1643 1121 1672 lzoc
1140 1643 1228 1671 vires
1247 1641 1397 1675 resumit,
1418 1644 1448 1669 et
1467 1642 1511 1669 ila

848 1687 904 1726 fit,
923 1691 961 1716 ut
976 1690 1130 1716 manente
1148 1685 1275 1715 mundo
1294 1686 1381 1714 inter
1402 1684 1512 1713 exube-

861 1732 972 1760 rantis
994 1731 1113 1760 calaris
1136 1730 1327 1768 umorisque
1347 1729 1431 1758 vices
1452 1732 1512 1757 ter-

859 1785 978 1804 rarum
998 1775 1106 1804 cultus
1118 1783 1190 1803 cum
1205 1773 1379 1802 hominum
1393 1782 1513 1809 genere

858 1824 950 1857 saefc
968 1818 1145 1848 intercidat
1158 1821 1189 1846 et
1206 1817 1339 1846 reducta
1360 1816 1513 1854 temperie

859 1874 982 1892 rursus
999 1866 1146 1891 novetur.
1159 1879 1200 1882 —
1211 1869 1285 1890 non
1299 1860 1411 1890 modo
1425 1868 1432 1888 2
1455 1859 1511 1888 the

859 1906 998 1945 reading
1029 1905 1066 1935 of
1098 1905 1190 1940 Anz;
1223 1915 1288 1933 uon
1320 1905 1414 1933 modo
1445 1913 1511 1932 non

862 1951 994 1987 Baiter;
1020 1960 1087 1979 non
1118 1949 1212 1978 modo
1246 1947 1342 1988 [non]
1379 1946 1510 1981 Miiller,

861 1995 1090 2025 Meissner.—
1103 2001 1172 2023 nec
1209 1991 1428 2032 pauciores:
1468 1990 1510 2020 cf.

861 2039 995 2068 Petron.
1028 2039 1063 2068 S.
1096 2045 1136 2074 42
1171 2037 1255 2065 abiit
1268 2060 1274 2065 .
1287 2035 1335 2064 ad
1362 2035 1482 2074 plures
1497 2044 1510 2069 ,-

861 2082 989 2112 Robert
1007 2081 1109 2117 Blair,
1134 2080 1201 2110 The
1221 2080 1331 2110 Grave
1346 2086 1410 2118 450

859 2154 896 2180 'T
909 2153 934 2180 is
949 2152 1020 2196 long
1034 2152 1116 2180 since
1132 2151 1234 2179 Death
1255 2149 1315 2178 had
1334 2149 1386 2177 the
1406 2148 1512 2182 major-

973 2195 1026 2226 ity.

858 2277 901 2280 —
913 2263 1012 2288 certe
1027 2257 1222 2288 meliores:
1238 2255 1512 2295 disparagement

860 2302 896 2332 of
922 2302 978 2332 the
1002 2306 1137 2341 present
1160 2299 1358 2340 generation
1380 2299 1414 2329 in
1437 2308 1512 2328 con-

861 2351 946 2376 trast
979 2346 1055 2375 with
1087 2344 1175 2374 “the
1201 2354 1277 2373 men
1310 2343 1346 2372 of
1376 2342 1512 2373 ancient

861 2390 960 2419 times
973 2389 990 2402 ’⁵
1016 2389 1044 2419 is
1073 2398 1110 2418 as
1138 2388 1193 2418 old
1223 2397 1260 2417 as
1289 2387 1439 2422 Homer3
1468 2385 1511 2415 cf.

861 2434 933 2464 also
954 2433 1038 2462 Hor.
1060 2434 1174 2463 Carm.
1193 2431 1260 2461 III.
1279 2429 1308 2461 6.
1326 2429 1442 2469 46-48.

1532 391 1549 426 7

1534 435 1572 465 15

1539 984 1576 1013 1ss
