1674 2698
308 127 747 161 TVSCVLANARVM
787 126 1241 160 DISPV'FA'I'IONVM
1278 127 1286 158 1
1435 132 1483 172 33

108 252 220 292 inter
258 264 304 291 se
342 264 391 291 ac
430 250 563 290 divisa
603 257 830 297 momenta,
866 257 1037 289 terrena
1077 257 1116 289 et
1159 249 1299 289 umida
1335 258 1487 301 suopte

108 331 216 363 nutu
250 330 292 363 et
328 337 405 363 suo
438 323 626 375 pondere
658 323 711 362 ad
745 321 857 374 paris
890 322 1071 374 angulos
1106 321 1147 360 in
1181 328 1337 361 terram
1371 329 1410 360 ct
1448 323 1485 361 in

108 408 224 435 mare
259 395 465 441 ferantur,
500 394 686 446 reliquae
724 394 833 433 duae
872 400 1029 445 partes,
1066 407 1150 432 una
1185 393 1318 445 ignea,
1355 393 1487 433 altera

106 466 314 514 animalis,
350 473 396 506 ut
437 466 530 506 illae
571 466 811 517 superiores
851 466 892 505 in
932 464 1119 505 medium
1160 465 1300 505 locum
1340 465 1487 505 mundi

106 538 319 592 gravitate
362 538 556 578 ferantur
599 545 639 578 et
687 538 885 590 pondere,
923 537 983 577 sic
1022 537 1102 577 hae
1146 551 1314 577 rursum
1360 537 1488 577 rectis

107 610 229 650 lineis
268 611 309 649 in
347 610 577 650 caelestem
618 610 758 649 locum
800 609 1042 657 subvolent,
1079 609 1168 649 sive
1208 609 1298 661 ipsa
1336 616 1487 648 natura

108 681 327 734 superiora
372 681 617 733 adpetente,
665 680 753 720 sive
801 681 915 733 quod
957 694 980 720 a
1023 680 1288 733 gravioribus
1332 679 1488 720 leviora

641 752 765 805 Quae
808 766 905 792 cum
951 759 1167 800 constent,
1213 751 1486 804 perspicuum

106 826 230 865 debet
264 838 360 865 esse
388 825 569 872 animos,
602 838 699 864 cum
731 838 753 864 e
787 838 965 876 corpore
1000 824 1276 871 excesserint,
1311 824 1399 863 sive
1432 823 1488 863 illi

107 761 180 793 nat
187 767 259 793 ura
298 753 571 805 repellantur.

108 896 193 937 sint
215 896 434 944 animales,
462 896 501 935 id
532 903 596 936 est
630 896 865 948 spirabiles,
891 897 979 935 sive
1010 896 1136 948 ignei,
1161 895 1343 935 sublime
1374 895 1487 935 ferri.

109 969 155 1009 Si
177 982 278 1008 vero
305 975 378 1008 aut
402 981 608 1008 numerus
632 967 803 1020 quidam
835 974 899 1007 est
930 968 1110 1014 animus,
1137 967 1250 1019 quod
1276 967 1488 1007 subtiliter

108 1039 244 1092 magis
263 1053 390 1092 quam
409 1038 594 1079 dilucide
613 1038 777 1087 dicitur,
800 1046 872 1079 aut
896 1038 1046 1091 quinta
1070 1039 1138 1078 illa
1161 1053 1246 1078 non
1270 1038 1489 1078 nominata

107 1111 244 1164 magis
275 1125 401 1164 quam
432 1111 771 1152 nonintellecta
802 1117 963 1158 natura,
990 1110 1128 1150 multo
1159 1111 1286 1150 etiam
1318 1110 1488 1162 integri-

107 1197 181 1223 ora
206 1197 256 1223 ac
286 1183 455 1235 puriora
487 1190 602 1231 sunt,
633 1190 677 1223 ut
711 1196 735 1222 a
767 1189 882 1222 terra
916 1181 1167 1235 longissime
1202 1196 1248 1221 se
1282 1181 1484 1222 ecferant.

111 1256 279 1295 Horum
315 1254 444 1307 igitur
475 1254 634 1307 aliquid
668 1261 733 1295 est
768 1255 946 1301 animus,
980 1267 1034 1293 ne
1066 1261 1153 1293 tam
1188 1260 1342 1306 vegeta
1366 1267 1488 1293 mens

106 1334 180 1367 aut
220 1327 261 1366 in
307 1328 435 1367 corde
479 1326 710 1367 cerebrove
747 1333 820 1366 aut
861 1325 901 1365 in
945 1325 1236 1378 Empedocleo
1281 1325 1489 1378 sanguine

106 1400 303 1440 demersa
326 1398 473 1439 iaceat.

171 1471 484 1512 Dicaearchum
523 1483 624 1510 vero
665 1483 761 1510 cum
803 1468 1077 1516 Aristoxeno,
1113 1468 1281 1521 aequali
1314 1475 1358 1509 et
1393 1481 1490 1508 con-

107 1543 315 1595 discipulo
354 1556 445 1591 suo,
479 1542 631 1582 doctos
673 1555 776 1582 sane
820 1540 1027 1588 homines,
1069 1541 1348 1588 omittamus;
1390 1553 1488 1592 quo-

107 1629 202 1655 rum
234 1615 342 1655 alter
372 1627 427 1655 ne
461 1614 732 1654 condoluisse
764 1612 936 1666 quidem
971 1626 1175 1665 umquam
1206 1611 1389 1659 videtur,
1417 1612 1487 1664 qui

108 1711 251 1742 divisa:
276 1711 400 1741 almost
421 1710 615 1751 equivalent
637 1714 672 1740 to
684 1715 763 1750 par-

107 1757 163 1786 titi
191 1757 261 1785 sint
288 1778 294 1785 .
324 1779 330 1785 .
360 1779 367 1785 .
393 1756 594 1790 diviserint;
627 1754 669 1784 cf.
705 1755 763 1785 Or.

111 1808 169 1838 117
183 1810 291 1840 genus
308 1822 314 1829 .
334 1823 340 1829 .
360 1822 366 1828 .
384 1800 421 1829 in
434 1800 552 1839 species
570 1822 576 1828 .
595 1822 601 1828 .
621 1800 765 1838 .part1'e-

107 1848 167 1874 tur
191 1855 230 1875 ac
256 1844 389 1879 dividet,
414 1843 483 1873 and
512 1852 568 1873 see
595 1843 636 1872 A.
665 1842 693 1873 ἃ*
722 1842 763 1872 G.

110 1897 170 1927 292
198 1898 226 1925 c,
254 1888 321 1918 and
348 1886 531 1923 WVoelfflin,
555 1887 687 1917 Archiv
717 1886 762 1916 ΙΙ.

108 1941 183 1973 405.
212 1931 286 1962 The
299 1931 514 1971 exceptional
526 1940 586 1962 use
598 1930 635 1960 of
647 1931 765 1961 habere

110 1976 186 2006 with
209 1975 267 2006 the
287 1975 416 2015 perfect
434 1975 610 2015 participle
628 1975 662 2005 in
683 1975 765 2005 clas-

108 2020 190 2050 sical
212 2019 312 2050 Latin
332 2019 472 2050 became
492 2019 549 2049 the
566 2019 637 2050 rule
654 2019 688 2049 in
707 2019 764 2049 the

111 2064 285 2094 Romance
298 2063 495 2103 languages.
507 2068 762 2100 —rnomenta,

108 2108 162 2138 the
192 2108 276 2138 laws
306 2108 347 2147 os
370 2109 676 2143 matiam—nutu,
702 2112 765 2138 ten-

107 2152 218 2191 dency.
230 2152 331 2181 —ad
356 2151 459 2191 paris
491 2151 664 2191 angulos,
689 2156 765 2190 per-

111 2196 362 2235 pendicularly.
388 2213 432 2217 -—
456 2195 652 2225 animalis:
712 2196 762 2224 zle.

107 2241 190 2276 azir,-
213 2239 254 2269 cf.
271 2239 453 2278 spirabiles,
471 2238 589 2269 below.
601 2257 644 2260 —
655 2238 739 2269 illae
755 2248 762 2268 z

108 2293 154 2313 sc.
185 2288 287 2318 terra,
318 2283 574 2323 aqum—hae:
604 2292 649 2313 sc.
680 2284 765 2313 duae

108 2331 230 2367 partes,
259 2327 312 2356 lle.
341 2327 439 2366 lgrnis,
463 2329 530 2356 ae'r.
544 2336 763 2363 —rursum‚

109 2382 150 2401 on
170 2371 224 2400 tlze
242 2375 460 2409 contrmy.—
473 2370 552 2400 sive
572 2393 579 2400 .
599 2393 606 2400 .
626 2393 634 2400 .
653 2371 765 2410 adpe-

110 2419 234 2445 tente:
254 2414 310 2444 the
330 2415 423 2444 Stoic
444 2414 677 2444 vienn—sive
698 2437 705 2444 .
728 2437 735 2444 .

835 1708 1085 1749 repellantur:
1126 1708 1185 1739 the
1227 1708 1311 1738 view
1353 1707 1389 1737 of
1432 1707 1488 1737 the

833 1753 959 1784 atomic
980 1753 1221 1793 philosophers
1241 1751 1310 1782 and
1333 1751 1390 1782 the
1414 1751 1489 1791 Epi-

833 1807 987 1828 cureans.

877 1842 932 1872 41.
966 1850 1149 1872 numerus
1183 1863 1191 1871 .
1225 1863 1233 1870 .
1267 1863 1275 1870 .

833 1886 874 1917 cf.
907 1887 1110 1916 Xenocrates
1139 1908 1146 1914 .
1218 1908 1224 1913 .
1254 1885 1353 1919 dixit,
1384 1892 1490 1913 20.—

833 1931 964 1971 quinta
989 1953 996 1960 .
1021 1953 1029 1960 .
1052 1952 1060 1959 .
1081 1934 1235 1960 natura:
1263 1938 1318 1958 see
1336 1929 1486 1967 quintam

834 1998 840 2004 .
859 1998 866 2004 .
885 1997 890 2004 .
909 1979 1082 2010 naturam,
1109 1982 1147 2003 22
1172 1981 1343 2002 n.-—-non
1369 1980 1490 2001 nomi-

833 2023 943 2049 nata:
976 2018 1019 2048 cf.
1051 2028 1174 2048 vacans
1206 2018 1348 2050 nomine,
1380 2024 1488 2045 22.—

834 2063 958 2103 magis
974 2085 981 2092 .
998 2085 1005 2092 .
1021 2085 1028 2092 .
1044 2061 1258 2092 intellecta:
1279 2060 1399 2090 Cicero
1413 2069 1490 2099 says

832 2106 856 2136 it
885 2117 954 2136 was
982 2106 1159 2136 unnamed
1182 2105 1299 2134 rather
1326 2104 1406 2133 llam
1436 2106 1492 2132 not

832 2151 1041 2180 understood.
1060 2168 1103 2171 —
1120 2148 1337 2188 integriora,
1371 2157 1491 2176 ancon-

831 2195 1026 2224 taminated.
1039 2212 1081 2215 —
1092 2193 1232 2232 aliquid
1247 2197 1304 2222 est
1318 2201 1324 2220 :
1338 2201 1395 2221 see
1408 2190 1490 2220 Crit.

833 2238 1099 2278 App—corde
1122 2259 1130 2266 .
1152 2259 1160 2266 .
1183 2259 1191 2266 .
1213 2235 1421 2275 sanguine:
1448 2233 1489 2264 cf.

837 2291 884 2322 19.

878 2326 931 2360 18,
968 2325 1268 2355 Dicaearchum:
1303 2333 1361 2354 see
1391 2331 1426 2352 21
1459 2332 1491 2351 n.

832 2370 1132 2400 —Aristoxenoz
1152 2378 1208 2398 see
1226 2376 1264 2407 19
1279 2375 1490 2397 n.—sane:

834 2413 912 2443 with
924 2412 1121 2443 concessive
1128 2412 1233 2442 force.
1243 2411 1470 2441 —homines
1483 2419 1489 2438 :

1310 1840 1461 1870 animus
1481 1848 1487 1868 ε

1513 977 1548 1006 41

1515 1473 1554 1507 18
