1669 2698
168 137 223 186 76
573 142 623 173 Μ.
657 142 809 173 TVLLI
844 141 1133 175 CICERONIS

167 269 319 314 potest.
388 262 473 302 Sed
498 263 597 314 quid
622 276 702 315 ego
723 262 943 302 Socratem
972 270 1044 302 aut
1070 264 1396 313 Theramenem,
1426 279 1540 318 prae-

167 333 320 373 stantis
354 334 465 372 viros
496 333 666 373 virtutis
700 340 742 373 et
777 333 1011 385 sapientiae
1043 335 1188 387 gloria,
1222 338 1542 377 commemoro?

169 418 262 444 cum
304 405 670 444 Lacedaemonius
708 405 893 457 quidam,
932 405 1051 445 cuius
1090 419 1143 445 ne
1179 420 1335 446 nomen
1370 407 1540 460 quidem

166 475 379 527 proditum
415 482 491 523 est,
529 483 712 515 mortem
747 482 974 528 tantopere
1011 478 1318 529 contempserit
1352 486 1411 526 ut,
1443 493 1539 519 cum

166 548 218 586 ad
252 560 343 586 eam
377 548 608 586 duceretur
641 547 869 587 damnatus
906 547 958 587 ab
992 548 1162 599 ephoris
1198 556 1239 588 et
1275 556 1388 590 esset
1423 550 1539 590 voltu

166 617 285 657 hilari
337 624 468 670 atque
517 618 642 665 laeto,
695 617 959 670 dixissetque
1007 619 1045 658 ei
1092 618 1263 671 quidam
1318 620 1540 661 inimicus:

168 688 572 729 ‘Contemnisne
599 689 743 741 leges
775 689 1058 742 Lycurgi?’
1084 690 1378 742 responderit:
1412 692 1540 744 ‘Ego

166 774 289 800 vero
331 760 408 800 illi
452 761 717 800 maximam
765 760 985 813 gratiam
1036 761 1198 801 habeo
1241 763 1327 814 qui
1368 776 1444 803 me
1486 777 1541 803 ea

166 846 329 883 poena
378 831 694 880 multaverit,
746 846 893 884 quam
945 833 1054 872 sine
1110 833 1437 874 mutuatione
1491 842 1540 875 et

166 904 277 944 sine
303 917 517 943 versura
543 917 747 955 possem
776 903 1100 944 dissolvere.’
1161 904 1199 944 O
1224 905 1360 944 virum
1388 906 1542 957 Sparta

166 975 368 1027 dignum!
404 981 449 1014 ut
482 974 584 1014 mihi
611 975 798 1027 quidem,
828 975 900 1027 qui
931 982 1017 1015 tarn
1046 989 1203 1028 magno
1229 975 1372 1016 animo
1399 976 1540 1025 suerit,

92 1054 149 1083 101
167 1046 371 1086 innocens
402 1047 630 1086 damnatus
665 1059 759 1086 esse
789 1045 995 1087 videatur.
1069 1046 1189 1087 Talis
1221 1048 1542 1088 innumerabilis

166 1125 313 1157 nostra
338 1117 487 1157 civitas
518 1117 626 1158 tulit.
696 1118 782 1158 Sed
806 1119 907 1170 quid
935 1119 1067 1158 duces
1098 1126 1139 1159 et
1169 1118 1383 1171 principes
1412 1120 1542 1159 nomi-

165 1202 274 1236 nem,
315 1203 409 1229 cum
446 1189 636 1241 legiones
675 1189 832 1230 scribat
871 1190 979 1230 Cato
1015 1204 1143 1243 saepe
1180 1191 1330 1230 alacris
1366 1190 1408 1230 in
1444 1205 1541 1231 eum

166 1261 305 1300 locum
344 1261 561 1312 profectas
594 1262 709 1300 unde
743 1260 954 1300 redituras
993 1275 1039 1301 se
1072 1276 1157 1301 non
1197 1261 1541 1302 arbitrarentur?

168 1332 260 1371 Pari
288 1332 429 1371 animo
456 1332 785 1372 Lacedaemonii
813 1331 855 1371 in
879 1332 1182 1386 Thermopylis
1215 1333 1473 1381 occiderunt,
1501 1333 1541 1373 in

166 1416 272 1455 quos
307 1402 548 1443 Simonides
567 1417 574 1443 :

166 1491 208 1531 by
223 1491 267 1521 its
283 1490 589 1530 position—finis
610 1514 616 1520 .
637 1513 643 1520 .
665 1514 672 1520 .
691 1490 817 1521 nullus

166 1539 291 1574 potest
305 1544 311 1563 :
330 1544 374 1564 sc.
389 1535 541 1564 miseriae
557 1534 646 1564 from
665 1534 816 1571 misera,

166 1583 200 1607 to
241 1578 447 1617 correspond
488 1577 567 1607 with
608 1578 708 1608 vitae
751 1579 817 1608 mi-

166 1631 285 1658 serae,
323 1621 441 1651 above.
454 1621 789 1652 —Therarnenem
809 1632 816 1652 :

166 1675 221 1696 see
247 1664 288 1705 96
317 1665 526 1696 n.—cuius
552 1688 560 1695 .
587 1688 595 1695 .
623 1688 631 1695 .
656 1675 816 1696 nomen:

165 1708 347 1748 according
373 1714 407 1739 to
436 1709 521 1738 Plut.
547 1710 714 1748 Apopl'ztlt.
739 1710 816 1739 Lac.

166 1763 196 1792 p.
221 1762 293 1789 222,
316 1753 816 1793 Thectamenes.—ephoris:

167 1797 224 1827 the
254 1797 377 1835 ephori,
411 1797 648 1832 “overseers‚⁷'
680 1797 745 1827 five
784 1797 817 1827 in

166 1840 318 1876 number,
332 1841 461 1870 elected
479 1841 641 1881 annually
654 1840 741 1870 from
760 1841 816 1870 the

166 1884 312 1919 citizens,
323 1884 456 1914 formed
469 1884 525 1914 the
537 1884 673 1923 highest
685 1885 819 1914 council

165 1928 199 1958 in
218 1928 349 1967 Sparta.
363 1947 405 1950 —
419 1929 606 1968 Lycurgi:
633 1928 690 1958 the
715 1928 820 1969 myth-

166 1970 228 2002 ical
256 1972 412 2011 lawgiver
436 1972 472 2001 of
502 1974 634 2011 Sparta,
661 1972 819 2011 assigned

167 2020 202 2045 to
235 2015 292 2045 the
328 2015 387 2055 9th
420 2021 558 2056 century
598 2016 820 2046 B.C.—sine

168 2060 402 2090 mutuatione
420 2083 427 2089 .
445 2082 452 2089 .
469 2083 476 2089 .
491 2069 647 2090 versura
662 2068 669 2089 :
693 2064 821 2089 mutua—

166 2105 210 2133 tio
237 2103 265 2133 is
294 2103 487 2143 borrowing
514 2104 548 2133 in
576 2103 634 2133 the
663 2103 821 2144 ordinary

167 2156 274 2182 sense,
306 2147 386 2177 with
419 2157 457 2177 or
489 2147 633 2177 without
669 2146 819 2183 interest,

167 2190 349 2230 according
371 2196 406 2221 to
430 2196 644 2231 agreement;
669 2201 820 2225 versura,

166 2246 185 2263 α
214 2236 358 2274 lurning
385 2234 436 2274 (of
463 2234 652 2273 creditors),
681 2234 709 2264 is
736 2234 820 2264 used

168 2278 263 2307 when
288 2288 308 2308 a
331 2288 455 2318 person
483 2279 511 2309 is
535 2278 659 2308 unable
691 2283 725 2308 to
757 2277 821 2308 dis-

168 2321 290 2361 charge
322 2332 342 2352 a
373 2322 453 2352 debt
483 2327 517 2352 at
550 2322 607 2351 the
635 2322 819 2361 stipulated

169 2365 248 2395 time
281 2365 347 2395 and
380 2365 529 2396 borrows
561 2365 649 2395 from
681 2375 701 2395 a
732 2365 819 2395 third

168 2418 291 2447 person
324 2419 343 2439 a
375 2419 448 2438 sum
482 2409 647 2439 sufficient
679 2409 732 2438 for
764 2409 820 2439 the

889 1500 1048 1530 purpose,
1067 1491 1146 1521 thus
1170 1491 1310 1531 making
1326 1501 1346 1521 a
1362 1491 1492 1532 change
1509 1492 1541 1522 in

890 1535 1052 1565 creditors
1066 1547 1071 1571 ;
1091 1535 1265 1571 translate,
1280 1536 1419 1566 without
1430 1537 1543 1566 receiv-

890 1580 951 1618 ing
977 1579 1039 1608 aid
1065 1589 1103 1608 or
1134 1580 1318 1617 incurrzbzg
1346 1580 1425 1609 deht.
1443 1598 1485 1601 —
1502 1585 1542 1610 ut

892 1645 899 1652 .
974 1622 1166 1653 videatur:
1184 1622 1359 1662 following
1372 1623 1541 1663 dignum,

890 1676 928 1696 as
952 1665 977 1696 if
1000 1666 1025 1695 it
1050 1675 1133 1696 were
1156 1671 1223 1696 tam
1247 1668 1541 1707 dzgrzzcnz.—qui‚

889 1711 978 1739 since
993 1710 1040 1739 lle.

935 1752 1009 1783 101.
1045 1754 1111 1783 sed
1137 1754 1225 1794 quid
1246 1776 1252 1783 .
1273 1776 1280 1783 .
1302 1776 1309 1783 .
1328 1755 1541 1785 nominem:

889 1797 931 1827 cf.
948 1798 1006 1827 sed
1023 1798 1108 1837 quid
1129 1822 1135 1827 .
1163 1821 1168 1826 .
1194 1820 1200 1826 .
1226 1807 1451 1834 commemora,
1473 1807 1541 1828 100.

889 1859 931 1862 μ
942 1841 1151 1881 principes:
1175 1851 1231 1871 see
1250 1850 1291 1882 34
1306 1851 1338 1871 n.
1350 1860 1391 1863 ——
1403 1842 1542 1873 scribat

892 1885 998 1921 Cato,
1027 1890 1109 1915 ete:
1141 1894 1186 1915 SC.
1216 1885 1249 1915 in
1281 1885 1333 1915 his
1361 1886 1541 1925 Origines:

889 1928 930 1958 cf.
959 1929 997 1958 de
1024 1930 1100 1958 Sen.
1127 1929 1542 1969 75.—Lacedaemonii

889 1972 926 2002 in
957 1973 1244 2012 Thermopylis:
1276 1972 1445 2003 Leonidas
1473 1973 1542 2002 and

890 2015 942 2046 his
968 2016 1060 2046 three
1085 2015 1241 2046 hundred
1270 2016 1433 2056 Spartans
1457 2026 1542 2047 were

890 2059 1048 2090 defeated
1062 2060 1129 2090 and
1144 2060 1230 2090 slain
1244 2065 1278 2090 at
1293 2060 1542 2101 Thermopylae

892 2102 969 2143 (480
1025 2103 1115 2143 Bc).
1133 2122 1176 2125 —
1195 2104 1432 2135 Simonides:
1486 2113 1542 2134 see

892 2155 931 2188 59
948 2157 997 2183 n.;
1023 2147 1065 2177 cf.
1088 2147 1216 2178 Herod.
1236 2148 1317 2178 VII.
1336 2147 1396 2178 228
1414 2147 1469 2177 for
1485 2147 1542 2178 the

889 2190 1030 2230 original
1045 2203 1050 2221 :

881 2271 923 2308 ἲΩ
958 2275 1040 2315 ξεῖν’,
1076 2279 1252 2316 ἀγγέλλειν
1288 2279 1542 2316 Λακεδαιμονίοις

976 2322 1024 2351 ὅτι
1041 2319 1118 2360 τῇδε

890 2366 1025 2402 Κείμεθα
1060 2367 1124 2396 τοῖς
1155 2367 1261 2396 κείνων
1290 2366 1407 2405 ῥήμασι
1441 2365 1542 2396 πειθό-

976 2421 1067 2445 μενοι.
