1669 2698
166 272 278 306 esset
303 280 457 307 carere.

96 1325 140 1359 38

95 1369 133 1398 91

165 138 220 177 68
573 143 622 178 M.
653 144 806 178 TVLLI
840 145 1128 180 CICERONIS

515 267 625 308 Cum
648 282 750 309 vero
772 270 1042 321 perspicuum
1067 270 1119 310 sit
1144 270 1247 311 nihil
1270 285 1397 324 posse
1420 270 1461 311 in
1484 286 1535 312 eo

165 351 260 377 esse
282 339 353 390 qui
378 338 468 390 ipse
495 353 579 378 non
608 340 672 387 sit,
698 340 799 391 quid
822 348 963 392 potest
990 355 1084 381 esse
1108 341 1149 381 111
1173 356 1222 382 60
1245 342 1438 383 0(110511111
1463 343 1535 396 qui

166 422 244 449 nec
271 417 412 450 careat
442 424 522 450 nec
552 412 740 451 sentiat?
805 412 1076 465 Quamquam
1104 414 1183 453 hoc
1211 415 1381 466 quidem
1409 414 1534 455 nimis

165 494 301 533 saepe,
330 482 404 521 sed
435 495 485 521 eo
515 483 627 534 quod
656 481 697 521 in
724 483 806 522 hoc
832 484 943 524 inest
975 485 1112 524 omnis
1141 485 1270 525 animi
1299 487 1535 526 contractio

164 565 214 592 ex
238 559 355 592 metu
378 553 538 593 mortis.
597 554 682 606 Qui
706 553 819 594 enim
844 554 946 594 satis
968 555 1129 603 viderit,
1156 557 1196 596 id
1215 558 1329 609 quod
1351 565 1415 597 est
1439 558 1534 599 luce

165 623 328 671 clarius,
361 625 502 663 animo
535 631 577 664 et
612 638 789 677 corpore
822 634 1078 679 consumpto
1110 634 1289 680 totoque
1318 630 1534 669 animante

164 695 305 735 deleto
328 702 369 735 et
395 695 510 735 facto
533 696 706 736 interitu
732 698 930 738 universo
954 698 1054 738 illud
1072 699 1241 748 animal,
1260 701 1371 752 quod
1389 701 1530 749 fuerit,

163 766 325 806 factum
360 780 455 808 esse
488 767 601 815 nihil,
639 769 672 808 is
710 768 835 820 plane
874 769 1103 822 perspiciet
1144 770 1255 811 inter
1290 772 1536 824 Hippocen-

163 845 343 886 taurum,
375 838 446 891 qui
477 853 709 892 numquam
743 840 883 889 fuerit,
917 848 957 881 61
988 856 1132 895 regem
1158 843 1531 895 Agamemnonem

162 910 263 949 nihil
292 910 511 958 interesse,
537 925 618 952 nec
646 912 777 963 pluris
806 926 920 952 nunc
949 913 1090 954 facere
1115 915 1176 955 M.
1202 915 1428 955 Camillum
1452 916 1533 955 hoc

162 980 281 1022 civile
304 981 460 1022 bellum
486 996 612 1034 quam
637 996 718 1035 ego
741 982 811 1023 illo
829 983 925 1024 vivo
948 984 1122 1025 fecerim
1143 986 1326 1026 Romam
1351 993 1530 1039 captam.

163 1052 251 1092 Cur
274 1052 403 1105 igitur
426 1060 468 1094 et
495 1054 698 1094 Camillus
726 1055 901 1103 doleret,
928 1055 961 1095 si
989 1057 1093 1096 haec
1119 1064 1217 1108 post
1245 1064 1464 1098 trecentos
1490 1065 1533 1098 et

163 1124 472 1176 quinquaginta
494 1125 585 1165 1616
604 1139 741 1165 3111105
765 1134 973 1167 eventura
991 1134 1171 1180 putaret,
1193 1135 1235 1168 et
1252 1142 1333 1182 ego
1352 1129 1530 1178 doleam,

164 1195 199 1234 si
220 1196 272 1235 ad
296 1195 442 1235 decem
472 1196 585 1236 milia
612 1211 821 1237 annorum
849 1206 1023 1251 gentem
1050 1198 1233 1251 aliquam
1259 1201 1364 1240 urbe
1385 1207 1533 1241 nostra

162 1267 393 1318 potituram
417 1274 564 1320 putem
583 1269 596 1307 ?
651 1268 763 1321 Quia
786 1276 906 1309 tanta
930 1270 1082 1310 caritas
1100 1272 1262 1322 patriae
1284 1278 1349 1312 est
1374 1278 1418 1312 ut
1438 1285 1531 1312 earn

162 1351 246 1377 non
283 1352 412 1378 sensu
446 1346 605 1387 nostro,
638 1341 714 1380 sed
743 1340 880 1381 salute
915 1341 1045 1393 ipsius
1074 1343 1311 1383 metiamur.
1380 1343 1532 1395 Itaque

161 1423 245 1449 non
269 1410 458 1450 deterret
482 1412 718 1463 sapientem
738 1426 865 1461 mors,
885 1426 994 1465 quae
1011 1420 1186 1465 propter
1202 1414 1389 1454 incertos
1408 1428 1532 1454 casus

162 1480 316 1522 cotidie
332 1481 535 1530 imminet,
554 1490 730 1535 propter
744 1483 997 1524 brevitatem
1014 1484 1125 1524 vitae
1140 1499 1371 1537 numquam
1386 1492 1530 1538 potest

161 1551 287 1604 longe
318 1553 483 1601 abesse,
516 1568 600 1606 quo
633 1554 775 1595 minus
809 1554 849 1594 in
884 1569 1010 1595 omne
1043 1563 1213 1608 tempus
1246 1556 1306 1596 rei
1336 1557 1532 1609 publicae

163 1624 335 1676 suisque
366 1625 561 1665 consulat
593 1633 664 1666 aut
695 1628 991 1678 posteritatem
1024 1627 1169 1679 ipsam,
1204 1628 1322 1668 cuius
1356 1642 1530 1669 sensum

161 1695 383 1736 habiturus
418 1710 503 1737 non
538 1697 605 1746 sit,
640 1698 693 1738 ad
727 1712 773 1738 se
806 1705 929 1750 putet
961 1700 1188 1750 pertinere.
1254 1700 1398 1752 Quare
1430 1699 1528 1741 licet

159 1766 286 1806 etiam
315 1768 537 1809 mortalem
567 1783 662 1809 esse
689 1769 876 1810 animum
901 1769 1159 1811 iudicantem
1181 1778 1355 1811 aeterna
1378 1771 1527 1819 moliri,

161 1871 246 1892 esse
261 1861 327 1891 and
342 1863 657 1893 carere.—nimis
672 1873 808 1903 saepe:

159 1915 203 1935 sc.
231 1917 251 1936 a
281 1916 330 1935 me
358 1907 491 1936 dz'cfflcr.
510 1925 551 1927 —
570 1908 637 1937 sed
671 1917 726 1944 eo,
756 1908 812 1936 but

159 1950 183 1978 l
207 1954 317 1988 repeat
341 1951 369 1979 it
388 1950 451 1990 for
478 1951 545 1980 this
570 1962 695 1980 reason.
713 1970 754 1972 —
773 1951 809 1981 in

158 1994 251 2023 hoc:
285 1995 307 2023 ι’.
317 2005 342 2024 e.
367 1995 511 2023 odiosum
540 1999 588 2024 est
616 1997 686 2024 siue
712 2006 809 2024 seusu

157 2048 231 2067 csse.
249 2056 286 2060 —
303 2038 510 2068 contractio
541 2061 548 2068 .
579 2061 586 2068 .
618 2061 625 2068 .
655 2039 808 2069 mortis:

158 2086 237 2111 note
252 2082 307 2112 the
320 2082 516 2113 attributive
533 2082 626 2113 force
640 2082 677 2112 of
694 2092 738 2113 ex
754 2106 760 2112 .
777 2106 784 2112 .
801 2106 808 2112 .

159 2126 311 2163 mortis;
335 2126 389 2156 101
414 2127 630 2160 contractio.
656 2128 809 2166 despond-

156 2181 234 2208 ensy
245 2170 409 2211 (literally,
420 2170 628 2210 sltrl'nkizrg‘·)‚
640 2170 681 2200 cf.
696 2171 754 2200 IV.
768 2169 810 2201 66

156 2214 260 2243 eodem
279 2216 367 2244 enim
386 2215 464 2244 'vitio
488 2219 536 2244 est
556 2215 677 2255 ecfusio
700 2216 811 2244 animi

157 2259 192 2287 in
210 2258 347 2293 laetitia,
362 2269 424 2298 quo
441 2259 477 2287 in
495 2259 605 2288 dolore
622 2259 807 2288 contractio.

156 2302 562 2341 ——Agamemnonemt
588 2301 669 2341 king
686 2301 722 2331 of
741 2302 808 2342 My-

157 2354 259 2374 cenae
284 2345 350 2374 and
376 2345 750 2375 commander-in-chief
773 2345 809 2375 of

157 2387 214 2417 the
233 2388 363 2419 Greeks
382 2394 415 2418 at
434 2389 587 2430 Troy.—
601 2390 654 2418 M.
672 2389 808 2420 Camil-

156 2431 233 2461 lum
248 2441 254 2461 :
297 2433 342 2462 M.
378 2432 499 2463 Furius
536 2433 700 2463 Camillus
733 2433 808 2462 who

877 1863 1039 1894 liberated
1068 1864 1176 1895 Rome
1198 1864 1285 1895 after
1307 1865 1331 1894 it
1354 1864 1422 1895 had
1443 1864 1528 1895 been

877 1907 1039 1947 captured
1082 1908 1126 1949 by
1168 1908 1225 1938 the
1269 1909 1375 1939 Gauls
1421 1908 1530 1939 under

880 1952 1043 1987 Brennus,
1068 1961 1130 1992 390
1154 1952 1424 1982 B.C.—d01eret
1451 1975 1458 1982 .
1486 1975 1493 1982 .
1520 1975 1528 1982 .

878 2000 1048 2035 putaret:
1067 2006 1115 2026 we
1132 1995 1257 2026 should
1275 2001 1392 2035 expect
1409 1997 1530 2025 doluis-

877 2043 923 2069 set
941 2063 947 2069 .
972 2063 978 2069 .
999 2064 1005 2069 .
1021 2044 1174 2078 putasset
1183 2050 1197 2076 ,·
1221 2050 1277 2070 see
1302 2039 1439 2079 Madvig
1455 2049 1527 2080 347.

879 2083 960 2113 Obs.
976 2093 1002 2119 2,
1018 2084 1126 2113 where
1144 2084 1210 2114 this
1228 2094 1372 2124 passage
1389 2084 1415 2114 is
1428 2083 1528 2114 cited.

876 2129 1046 2158 —haec:
1075 2128 1237 2168 referring
1261 2133 1296 2158 to
1324 2129 1395 2159 hoc
1420 2128 1528 2158 civile

877 2171 1141 2202 bellum.—ad
1169 2195 1176 2202 .
1204 2195 1211 2202 .
1239 2195 1246 2202 .
1272 2182 1468 2209 annorum,
1490 2173 1527 2202 in

876 2219 928 2245 ten
945 2216 1116 2246 thousand
1122 2227 1232 2256 years.

920 2259 976 2293 38,
1011 2259 1065 2289 91.
1098 2260 1135 2290 111
1156 2269 1268 2290 omne
1289 2260 1528 2300 tempus,for

875 2304 926 2333 all
941 2304 1026 2333 time.
1039 2303 1145 2333 —rei
1168 2303 1341 2343 publicae
1361 2327 1368 2333 .
1389 2327 1395 2333 .
1417 2327 1423 2333 .
1442 2312 1527 2334 con-

877 2346 995 2376 sulat:
1025 2348 1078 2376 zze.
1105 2346 1232 2386 having
1264 2352 1298 2377 at
1327 2347 1434 2383 heart,
1459 2346 1526 2377 and

876 2390 1029 2429 working
1050 2390 1111 2424 101,
1130 2391 1188 2420 1116
1208 2391 1322 2421 future
1340 2390 1473 2421 welfare
1491 2390 1527 2420 of

876 2433 933 2463 the
944 2434 1299 2465 state—mortalem
1315 2457 1323 2465 .
1340 2457 1347 2464 .
1364 2457 1370 2464 .
1386 2434 1525 2465 moliri:
